1631 2703
282 94 387 123 CAPITULUM
410 93 458 133 1247
490 133 492 138 ¹
668 96 705 135 215

64 166 91 204 Ex
103 178 142 215 quo
151 172 240 218 tempore
249 169 358 208 Carmelitae
370 175 415 219 post
424 181 483 208 suum
496 170 516 208 in
528 171 624 219 Europam
635 171 706 209 adven-

37 239 80 273 tum
96 237 144 275 satis
158 237 239 276 firmiter
248 238 326 276 stabiliti
338 244 392 276 erant
407 239 515 281 universale
527 239 612 277 ecelesiae
635 251 706 288 praece-

38 309 94 353 ptum
106 307 166 344 secuti
178 306 209 359 (1)
217 309 274 345 tertio
284 319 364 356 quoque
378 320 430 346 anno
439 309 530 358 generale
541 308 648 357 capitulum
658 310 707 346 eele-

37 374 149 413 braverunt.
165 377 250 414 Primum
263 388 331 415 eorum
344 377 368 414 ab
380 377 473 415 omnibus
491 377 618 425 scriptoribus
636 377 705 415 dieitur

38 443 166 492 Ayleslordiae
182 446 201 482 iu
221 446 315 483 comitatu
327 445 401 483 Kantlae
411 446 430 483 in
443 446 513 494 Anglia
525 446 665 491 coadunatum,
676 447 705 483 in-

38 523 77 559 que
88 524 111 549 eo
121 514 161 551 sive
172 515 198 552 ob
211 514 375 552 renuntiationem
394 514 435 552 sive
444 515 470 552 ob
479 514 555 552 obitum
571 515 634 552 fratris
650 515 705 553 Alani

38 580 108 628 prioris
119 582 214 630 generalis
226 583 245 620 S.
256 582 358 620 Simonem
371 582 429 620 Stock
438 582 457 620 in
466 583 578 631 generalem
598 583 659 621 luisse
671 584 706 620 ele-

38 655 99 688 ctum.
112 652 204 689 Attamen
217 663 256 690 non
269 653 389 690 conveniunt
401 652 529 701 deannoquo
538 653 655 690 celebratum
668 657 704 690 est.

38 717 115 756 Nullius
127 719 222 757 momenti
235 724 264 757 est
275 720 355 758 assertio
372 720 504 770 Palaeonydori
516 719 550 768 qui
560 709 643 768 capitulo
661 720 707 757 huic

38 797 112 824 annum
128 798 175 836 1215
186 788 274 837 assignat
285 799 289 835 ;
306 789 393 836 plerique
410 794 499 826 auctores
514 789 564 826 inter
574 800 625 836 quos
634 788 707 835 lolian-

39 855 167 903 nes-Baptista
184 857 207 893 de
217 856 288 894 lezana
305 858 336 904 (2)
347 856 452 905 capitulum
465 856 489 893 ad
506 868 579 894 annum
595 867 643 905 1245
659 858 708 894 rere-

38 929 90 961 runt.
103 924 177 962 Verum
192 936 230 974 ego
242 925 356 973 opinionem
365 926 459 972 johannis
478 925 569 963 llornebii
581 924 612 975 (3)
624 925 706 962 omnino

38 993 142 1030 tenendam
155 993 212 1037 duco,
224 1005 295 1042 nempe
306 1005 359 1031 anno
375 1005 423 1042 1247
438 994 557 1031 celebratum
575 993 643 1032 luisse.
656 994 706 1031 Prae-

37 1065 67 1097 ter
77 1062 124 1098 alias
133 1062 210 1099 levioris
220 1062 315 1099 momenti
328 1063 413 1100 rationes
423 1064 464 1100 baec
472 1074 503 1099 nte
518 1062 615 1110 imprimis
625 1068 705 1100 movet:

65 1130 157 1168 Praedicto
177 1142 229 1168 anno
248 1141 295 1179 1245
315 1131 432 1169 celebratum
448 1131 484 1169 luit
499 1130 603 1168 concilium
619 1142 707 1169 oecume-

38 1199 104 1237 nicum
117 1199 205 1247 Lugduni
220 1200 257 1236 sub
269 1199 381 1237 innocentio
398 1200 428 1237 lV.
441 1200 491 1237 Cum
503 1200 630 1236 lateranense
642 1199 706 1236 conei-

39 1268 86 1305 lium
95 1268 239 1305 institutionem
249 1279 343 1305 novarum
354 1268 470 1317 religionum
481 1268 575 1306 vetuisset
583 1268 621 1318 (4),
629 1268 708 1305 Carme-

39 1336 77 1374 lirae
89 1336 105 1374 si
117 1336 186 1374 eodem
196 1348 248 1374 anno
263 1342 337 1374 coetum
356 1348 414 1374 suurn
429 1337 560 1374 celebrassent
580 1347 706 1384 nequaquam

39 1405 153 1442 omisissent
162 1405 213 1454 apud
222 1405 340 1454 Lugdunum
351 1416 385 1454 pro
400 1404 474 1443 ordinis
483 1404 624 1454 approbatione
641 1415 704 1452 agere.

40 1473 134 1517 Quamvis
144 1473 196 1510 enirn
204 1474 244 1522 jam
254 1478 310 1511 antea
322 1474 409 1522 regulam
421 1485 431 1510 a
441 1474 460 1511 Β.
480 1473 561 1511 Alberto
571 1473 708 1520 impetrassent

40 1546 59 1578 et
67 1547 168 1590 propterea
181 1542 234 1579 nullo
247 1542 307 1579 modo
325 1542 360 1579 bac
375 1541 506 1589 prohibitione
523 1546 644 1585 tenerentur,
660 1552 705 1578 cum

62 1719 82 1757 (1)
96 1718 115 1750 C.
124 1719 143 1750 ln
160 1717 243 1760 singulis,
254 1718 276 1749 de
287 1724 326 1750 51111,
337 1728 373 1749 1110,

62 1777 83 1817 la]
93 1776 178 1815 Annales,
191 1776 221 1816 tv,
232 1776 270 1817 304.

61 1835 89 1877 (3)
98 1835 152 1875 Apud
168 1834 250 1875 Β11011111,
263 1834 302 1866 lllS.
316 1833 384 1876 Harley
395 1833 445 1873 3838,
455 1833 485 1866 101.
497 1834 524 1866 111.
538 1834 591 1866 Errat
609 1842 670 1866 tamen
683 1832 708 1865 di·

40 1893 99 1925 cendo
113 1893 211 1935 capitulum
223 1892 322 1924 decrevisse
340 1900 360 1925 ut
375 1892 455 1924 adiretur
470 1891 568 1924 concilium
585 1892 707 1935 Lugdunense

39 1962 72 1993 pro
80 1950 211 1993 approbatione
221 1950 294 1993 regulae.
309 1951 401 1983 lohannes
412 1949 518 1983 Hornebius
531 1949 654 1993 Cantabrigiae
667 1950 708 1982 lau-

40 2019 88 2042 ream
101 2009 222 2051 magistralem
238 2019 331 2041 assecutus
343 2019 375 2051 per
389 2008 492 2051 episcopum
503 2008 595 2042 Eliensem
605 2018 653 2041 anno
663 2008 707 2051 1337

39 2066 131 2099 licentiam
140 2067 196 2099 Verbi
205 2067 236 2099 Dei
243 2066 376 2109 praedicandiet
385 2065 465 2098 fidelium
475 2065 599 2098 confessiones
606 2065 707 2108 excipiendi

40 2123 126 2157 obtinuit.
139 2125 191 2157 Anno
201 2124 322 2166 1374publiee
331 2134 372 2155 cunr
382 2124 465 2156 lohanne
474 2124 538 2156 Stokes
547 2123 587 2155 ord.
602 2122 707 2155 Praedicato-

41 2193 80 2214 rum
87 2183 109 2214 de
118 2182 225 2225 antiquitate
235 2182 373 2214 Carmelitarunr
388 2181 490 2223 disputavit.
506 2181 571 2214 Fertur
580 2180 646 2213 obiisse
659 2180 707 2213 circa

42 2240 85 2272 1380
97 2240 175 2273 existens
191 2240 240 2282 prior
252 2241 269 2273 S.
284 2239 369 2282 Botolphi
378 2239 429 2282 cujus
439 2247 540 2272 contentus
552 2238 613 2271 lorsan
622 2238 707 2270 alumnus

41 2297 106 2331 fuerat.

63 2356 91 2397 (4)
102 2355 121 2388 C.
133 2357 160 2388 Ne
167 2355 229 2397 nimia,
239 2356 260 2388 de
270 2354 358 2398 religiosis
367 2354 459 2387 domibus.
