1631 2703
252 100 320 128 eerron.
332 101 350 127 a.
366 100 385 127 n.
401 100 457 139 1339.
662 98 697 137 139

29 172 97 221 Gloria.
103 172 122 210 in
134 173 215 211 excelsis
227 178 246 211 et
256 174 317 220 Credo
328 174 435 217 cantando„
445 178 559 221 ettempore
572 172 698 229 quadragesi

32 253 70 279 rnae
80 242 159 290 quando
172 243 334 280 commemoratio
346 254 386 280 non
399 240 461 294 fillet]
469 231 528 279 missa
535 233 629 279 solemnis
638 233 698 278 beatae

32 309 97 347 Mariae
114 311 227 355 celebratur,
242 311 268 348 sic
285 317 350 348 tamen
363 311 416 358 quod
428 311 477 349 sicut
493 310 512 347 in
525 310 606 347 ordinali
620 309 699 357 ponitur

30 378 79 416 dicta
91 381 252 417 commemoratio
262 381 341 417 finiatur
352 381 370 417 in
381 380 436 417 Nona
452 364 532 426 quando
546 379 565 415 in
578 378 659 416 sabbato
669 390 697 415 ce·

31 446 122 491 lebratur,
136 453 155 485 et
167 449 186 486 in
199 448 267 497 primis
279 449 370 496 Vesperls
382 448 485 496 incipiatur
496 448 545 485 dicta
556 458 698 484 commemora-

29 516 57 553 tio
67 527 76 552 a
89 517 174 565 capitulo
184 517 220 554 nisi
231 519 301 555 testum
311 518 334 554 lX
345 517 450 554 lectionum
461 517 489 553 vel
500 516 563 564 majus
578 515 645 563 primis
659 516 698 552 Ve-

30 584 92 632 speris
109 579 209 624 caruisset.
220 586 267 623 ltem
284 586 303 622 in
320 585 386 622 eadem
402 585 476 622 rubrica
487 584 665 633 (paragrapbottet
675 585 698 620 cle

30 655 75 691 testo
86 638 192 692 sanctornm
201 655 292 702 etc(1)ln
302 654 340 691 fine
353 654 449 692 inseratur
460 653 513 701 quod
526 664 560 702 per
571 658 638 701 totum·
648 653 699 690 ordi-

32 719 160 760 nem'lestum
170 723 193 760 ll(
201 723 308 761 lectionum
321 723 344 760 de
356 722 427 760 Sancto
436 721 516 759 Martiali
534 721 567 758 fiat
580 721 604 759 ad
617 721 698 759 modum

34 790 92 828 nnius
104 791 186 839 apostoli
201 792 266 840 quoad
279 791 365 829 orricium
378 796 397 828 et
408 791 472 839 qtroad
486 789 638 832 solemnitatem,
651 789 701 827 sicut

33 859 56 896 de
68 865 135 897 sancto
153 860 238 897 Barnaba
250 866 268 897 et
282 860 324 898 aliis
336 859 437 908 discipulis
450 860 528 897 Domini
543 858 624 897 ecclesia
638 859 699 896 iacere

31 928 140 973 consuevit,
155 928 239 966 maxime
251 940 296 966 cum
313 929 355 977 ipse
372 929 421 966 inter
435 929 483 966 alios
502 928 609 977 discipulos
621 927 699 965 Christo

33 1001 51 1033 et
62 997 155 1044 apostolis
164 997 200 1034 luit
212 1009 289 1046 semper
300 1009 367 1035 comes
376 998 468 1036 assiduus
478 1003 496 1034 et
505 997 604 1035 familiaris
616 997 698 1042 amicus,

31 1076 54 1102 ae
65 1065 123 1103 etiam
136 1066 232 1104 Dominus
241 1067 291 1114 Papa
300 1066 340 1104 tieri
350 1066 446 1104 ordinavit
458 1071 476 1104 et
486 1071 508 1104 ut
520 1077 553 1115 per
562 1076 698 1115 quoscumque

32 1134 124 1172 libentius
135 1135 190 1173 tieret
200 1146 282 1184 inagnas
295 1135 426 1184 indulgentias
438 1147 482 1173 cum
494 1135 546 1173 bulla
555 1135 639 1184 gratiose
653 1146 701 1173 con-

30 1204 82 1241 tulit.
96 1203 157 1241 Debet
168 1208 234 1242 autem
244 1204 358 1252 predictum
368 1205 441 1242 festum
451 1204 541 1242 celebrari
551 1205 636 1242 crastino
648 1210 701 1241 octa-

31 1284 100 1311 varum
112 1274 248 1321 apostolorum
259 1273 312 1311 Petri
329 1278 348 1311 et
365 1273 417 1311 Pauli
432 1283 476 1311 cum
492 1275 566 1311 testum
585 1272 700 1321 predictum

31 1336 96 1380 veniat
108 1342 127 1379 in
142 1342 173 1380 die
190 1342 383 1381 commemorationis
395 1342 460 1380 Sancti
475 1343 527 1380 Pauli
539 1347 558 1380 et
569 1346 633 1380 totum
650 1347 700 1380 tem-

32 1422 70 1460 pus
85 1411 224 1449 intermedium
237 1423 301 1460 usque
319 1412 342 1449 ad
360 1411 460 1461 cras(Fol.
476 1410 586 1462 46a)tinum
606 1411 701 1449 dictarum

32 1484 143 1518 octavarum
156 1480 180 1517 de
197 1480 244 1529 ipsis
256 1480 331 1518 octavis
343 1486 361 1517 et
376 1480 459 1518 dedicta
471 1480 659 1518 commemoratione
670 1485 700 1518 est

32 1552 155 1598 occupatum.

33 1621 36 1626 “
57 1618 103 1655 ltem
115 1619 169 1666 quod
182 1619 254 1656 testum
266 1618 289 1656 Xl
301 1617 382 1656 Milliurn
398 1617 501 1666 Virginum
518 1617 542 1655 ad
558 1618 640 1655 modum
655 1618 699 1655 testi

31 1686 113 1736 duplicis
123 1698 156 1735 per
170 1691 234 1725 totum
247 1687 336 1725 ordinem
349 1687 462 1725 celebretur.
471 1687 516 1725 ltem
529 1687 581 1735 quod
593 1687 617 1725 de
631 1692 699 1725 sancto

31 1756 136 1794 Saturnino
148 1767 182 1804 per
193 1760 257 1797 totum
270 1756 358 1794 ordinem
371 1756 418 1793 frunt
430 1757 453 1794 lX
465 1756 564 1794 lectiones.

58 1825 104 1862 ltem
112 1824 251 1862 ordinaverunt
259 1825 365 1874 capitulum
376 1826 469 1874 generale,
478 1825 590 1874 proximum
602 1825 700 1864 celebran-

31 1894 80 1931 dum
92 1894 115 1931 ad
127 1898 167 1932 tres
178 1905 242 1931 annos
254 1894 313 1932 Anno
325 1894 403 1932 Domini
415 1891 526 1947 MCCCXlll
538 1894 557 1932 in
571 1896 621 1932 testo
634 1895 701 1933 Pente-

32 1968 97 2001 costes
109 1962 201 2010 Neapolis
215 1962 234 1999 in
249 1962 346 2011 provincia
362 1963 458 2001 Romana.
471 1962 618 2001 Commiserunt
634 1969 700 2001 tamen

32 2032 91 2081 priori
105 2032 188 2080 generali
200 2031 337 2069 authoritatem
349 2037 368 2068 et
381 2037 496 2080 potestatem
509 2032 597 2070 mutandi
607 2032 622 2070 si
635 2044 701 2071 neces-

32 2101 79 2138 sitas
95 2100 220 2149 superveniat
232 2102 261 2137 vel
273 2107 367 2138 occurrat.
380 2101 456 2139 Omnes
468 2106 533 2139 autern
548 2102 700 2141 constitutiones

31 2169 138 2207 contrarias
149 2169 264 2217 supradictis
276 2170 390 2218 simpliciter
402 2175 547 2208 revocaverunt.
559 2170 629 2209 Datum
638 2182 698 2217 anno,

34 2243 123 2287 tempore
136 2242 155 2275 et
164 2239 214 2276 loco.

57 2374 79 2417 nr
92 2384 110 2407 n.
122 2384 149 2407 10-
