1631 2703
303 127 397 156 ‘auenrca
414 126 451 156 xvn
699 116 723 164 6⁸3

49 201 186 256 poteritsine
200 201 353 241 contradictione
370 203 522 252 cujuscumque.
541 198 560 239 6.
574 201 688 240 Studentes
700 202 724 240 de

48 274 210 323 quibuscumque
229 271 334 321 provinciis
346 272 371 309 ad
382 272 480 321 generalia
500 270 564 309 studia
576 271 635 308 libere
648 270 725 308 mittere

47 345 78 382 vel
87 341 192 386 licentiare,
209 341 247 380 nisi
257 338 307 393 [per]
320 341 428 391 capitulum
437 340 556 390 provinciale
565 340 725 378 determinaverit

48 413 72 450 de
84 410 191 449 mittendis.
203 411 221 449 Si
233 415 298 448 tamen
312 410 397 459 aliquem
416 409 571 449 insufficientem
590 410 621 448 vel
633 408 721 447 inutilem

48 464 141 527 mitteret,
151 479 204 528 prior
215 479 312 528 generalis
322 478 426 517 revocandi
435 480 465 517 vel
476 478 588 516 remittendi
598 478 679 516 liberam
690 479 724 516 lra-

47 551 91 588 beat
100 552 226 598 potestatem.
238 559 257 597 7.
271 548 345 587 Priores
354 540 425 586 locales
434 559 458 586 ex
470 559 528 586 causa
535 546 576 586 utili
586 552 605 586 et
615 547 724 585 necessaria

48 618 215 668 quandocumque
227 617 264 656 sibi
276 617 370 666 placuerit
382 617 491 655 absolvere.
505 617 531 654 lta
543 617 598 665 quod
612 621 724 655 conventus

48 687 132 738 eligendi
145 686 205 725 alium
217 687 288 725 lrabeat
298 691 425 736 potestatem,
439 698 498 736 quem
510 685 552 735 ips'e
564 685 617 736 prior
627 685 725 735 generalis
765 695 768 700 ·

48 755 106 807 prout
115 756 152 794 sibi
165 756 259 805 placuerit
270 766 304 805 per
313 768 335 794 se
347 757 378 794 vel
393 766 428 804 per
436 756 497 793 alium
510 755 580 793 habeat
598 755 725 794 confirmare:

48 826 69 865 Et
77 826 93 864 si
102 828 213 864 conventus
225 825 244 863 in
254 824 349 863 electione
359 825 476 874 hujusmodi
490 823 549 862 tertia
556 824 597 862 vice
605 824 724 862 concordare

49 894 158 944 nequiverit
172 894 225 943 prior
233 894 330 944 generalis
344 899 403 943 prout
415 893 452 932 sibi
462 893 556 943 placuerit
564 894 588 931 de
598 893 663 943 priore
669 899 725 942 pote-

1 972 2 975 ’
49 965 73 1003 rit
80 964 189 1014 providere.
203 966 221 1002 8.
233 963 305 1001 Poterit
312 963 370 1001 etiam
379 964 449 1001 fratres
458 963 482 1000 ad
492 963 529 1000 hoc
538 962 596 1001 utiles
608 968 627 1000 et
636 964 724 1012 aptos'ad

49 1033 195 1083 praedicandum
205 1038 224 1071 et
233 1033 388 1071 contessandum
403 1037 422 1070 et
433 1033 458 1070 ad
467 1031 574 1081 legendum
595 1032 693 1080 licentiare
705 1038 724 1071 et

49 1104 140 1141 nolentes
152 1113 197 1140 cum
210 1102 248 1140 sibi
260 1102 353 1151 placuerit
365 1105 459 1140 coartare.
476 1113 496 1151 9.
509 1102 556 1139 ltem
566 1101 619 1150 prior
626 1103 724 1150 generalis

49 1172 121 1221 poterit
132 1170 206 1221 priores
216 1170 345 1220 provinciales
357 1170 458 1209 instituere
470 1175 489 1209 et
506 1169 619 1219 destituere,
640 1181 725 1209 consen-

1 1258 2 1262 =
49 1240 109 1278 tiente
118 1239 187 1289 majori
199 1245 219 1278 et
228 1239 300 1278 saniori
312 1244 366 1289 parte
374 1239 454 1288 capituli
472 1238 605 1288 provincialis,
624 1251 648 1277 ex
665 1251 724 1279 causa

49 1308 156 1347 rationabili
174 1320 219 1357 quae
231 1307 290 1358 priori
306 1308 392 1357 generali
410 1307 531 1346 rationabilis
554 1308 663 1358 apparebit,
677 1320 723 1348 cum

49 1377 85 1416 sibi
97 1377 195 1416 videbitur
204 1377 302 1427 expedire.
319 1390 349 1416 ro.
362 1378 409 1415 ltem
422 1377 494 1426 poterit
506 1377 570 1415 literas
584 1378 609 1415 de
623 1370 724 1417 beneficiis

49 1458 84 1486 seu
98 1437 261 1486 confraternitatis
279 1458 315 1496 pro
327 1451 370 1485 toto
388 1446 457 1485 ordine
475 1447 589 1486 concedere.
606 1459 636 1486 11.
649 1447 724 1486 Fratres

48 1518 193 1567 cujuscumque
209 1516 314 1566 provinciae
326 1517 353 1554 ab
367 1517 573 1555 excommunicatione
589 1517 691 1556 absolvere
705 1523 724 1556 et

48 1597 93 1636 cum
113 1586 253 1635 irregularibus
272 1586 386 1635 dispensare
400 1586 511 1624 secundum
523 1593 613 1624 tenorem
630 1586 724 1637 privilegii

48 1655 103 1694 Sedis
115 1641 228 1705 apostolicae
238 1655 275 1694 sibi
295 1656 342 1694 dati.
358 1657 405 1693 ltem
418 1656 491 1704 poterit
502 1655 598 1704 fugitivos
610 1656 725 1705 cujuscum-

49 1736 86 1773 que
98 1725 203 1774 provinciae
214 1725 238 1763 ad
251 1725 341 1763 ordinem
351 1725 411 1762 libere
421 1725 511 1774 recipere,
520 1724 546 1762 ita
555 1729 621 1763 tamen
634 1725 689 1774 quod
700 1726 725 1770 nd

48 1794 160 1842 provincias
172 1794 196 1840 de
208 1794 284 1843 quibus
290 1795 382 1844 fugerant
398 1794 524 1833 remittantur
530 1795 699 1843 etasuis(Fol.2o
705 1795 725 1846 a)

2 1884 4 1887 ·
49 1864 201 1911 provincialibus
208 1864 345 1914 poenitentiam
356 1863 476 1912 condignam
487 1863 580 1913 recipiant
590 1876 625 1913 pro
633 1865 725 1917 commis-

0 1941 4 1948 ·
50 1932 83 1971 sis.
104 1945 133 1972 12.
149 1934 222 1972 Poterit
237 1934 295 1972 etiam
308 1933 327 1972 in
340 1921 501 1982 quibuscumque
520 1934 625 1982 provinciis
638 1934 724 1972 novitios

0 2012 2 2015 ’
49 2003 140 2052 recipere,
152 2008 241 2053 receptos
261 2003 378 2052 professae,
393 2003 494 2052 professos
509 2003 533 2040 ad
546 2004 626 2041 ordines
639 2003 722 2048 mittere,

0 2102 3 2107 .
50 2071 92 2110 sine
108 2062 191 2111 assensu
208 2073 239 2110 vel
256 2072 576 2121 contradictionecujuscumque.
601 2084 631 2123 13·
652 2073 725 2111 Poterit

49 2130 107 2180 etiam
120 2142 173 2191 prior
185 2141 282 2192 generalis
294 2142 360 2181 locum
372 2141 451 2191 capituli
463 2141 561 2191 generalis
573 2143 609 2192 vel
618 2142 726 2191 provincia-

0 2211 4 2233 ἓ
50 2210 73 2249 lis
83 2216 159 2250 mutare
179 2218 198 2249 et
210 2212 318 2250 terminum
339 2216 437 2250 statutum
452 2216 535 2260 urgente
558 2212 674 2250 necessitate
690 2206 725 2250 ab·

49 2278 136 2337 breviare
148 2281 178 2319 vel
190 2282 290 2331 elongare,
303 2286 363 2330 prout
372 2280 409 2320 sibi
418 2280 517 2319 videbitur
529 2281 628 2329 expedire.
642 2282 664 2319 Et
673 2275 725 2330 prio-

49 2359 79 2387 res
91 2350 220 2399 provinciales
229 2356 249 2389 et
260 2351 333 2389 locales
345 2356 443 2388 eteorum
453 2350 518 2388 vicarii
530 2350 550 2387 in
566 2344 724 2400 praemississibi'

48 2411 153 2459 teneantur
166 2420 253 2460 obedire.
271 2431 301 2469 14.
311 2421 358 2460 ltem
369 2419 441 2471 poterit
450 2420 514 2459 literas
525 2419 647 2459 dimissorias
655 2412 726 2460 concess
