1616 2703
280 116 303 144 DE
315 115 508 153 BERTHOLDOJUNIORE
643 116 645 118 ’
676 117 678 120 “
690 117 729 158 311

53 202 72 240 4.
86 190 177 241 Epistolae
186 190 210 228 ad
219 190 315 231 diversos.
328 191 387 241 lncip.
409 187 524 231 Beatissimo
547 192 597 241 patri
615 192 729 238 Coelestino,

54 261 66 299 i.
80 272 98 300 e.
108 261 132 298 de
140 260 269 309 patriarchatu
279 261 460 312 Hierosolymitano
477 273 538 311 quem
556 262 635 301 Bostius
658 262 730 313 Cyrillo

53 330 142 368 oblatum
155 329 179 367 ab
189 329 232 378 ipso
241 333 307 368 tamen
321 335 433 369 recusatum
443 330 519 369 asserit.

55 410 72 448 5.
88 398 160 437 Contra
183 398 263 437 Graecos
285 399 310 437 de
329 399 403 449 Spiritu
423 399 501 440 Sancto.
521 399 606 451 Cyrillus
626 401 664 438 tale
678 412 729 451 opus
775 389 777 391 ’

53 479 164 517 numquam
176 468 295 517 composuit⁴

52 533 324 586 ossHomiliaeadpopulum.
347 560 348 563 =

79 606 113 645 llis
125 617 173 656 ergo
183 606 278 656 expositis
287 607 370 656 aliisque
381 607 460 646 levioris
473 608 570 646 momenti
590 608 728 657 praetermissis

52 676 151 715 concludo
163 675 233 714 iisdem
253 676 327 725 quibus
339 676 402 726 incepi
421 677 493 721 verbis,
508 688 579 727 nempe
589 677 614 716 de
623 677 643 716 S.
662 677 728 728 Cyrilli

52 745 91 783 vita
99 749 119 783 et
131 745 194 795 gestis
206 744 253 782 nihil
265 745 363 783 autentice
375 751 446 784 notum
459 757 502 785 esse
514 751 584 796 praeter
595 758 655 796 pauca
670 746 729 785 verba

52 826 97 864 quae
108 826 118 852 e
128 813 210 853 Sanvico
219 814 283 853 attuli.
415 815 417 818 '

239 943 259 979 4.
274 933 302 970 De
316 933 432 972 Benrnotno
449 943 538 980 Juruorru.

77 1049 144 1088 Refert
155 1048 249 1087 Sanvicus
260 1047 292 1100 (1)
303 1049 329 1087 ob
339 1050 452 1098 frequentes
461 1050 601 1088 Saracenorum
611 1050 631 1088 in
646 1050 727 1088 Terram

51 1117 142 1156 Sanctam
151 1119 243 1157 incursus
252 1118 356 1156 dissidium
366 1124 432 1157 ortum
444 1119 503 1157 ruisse
512 1120 563 1157 inter
571 1119 662 1158 eremitas
671 1120 728 1157 Mon-

50 1187 76 1225 tis
86 1188 168 1225 Carmeli
180 1193 248 1226 utrum
261 1187 326 1225 liceret
336 1188 429 1226 fratribus
441 1188 543 1227 Palaestina
557 1189 622 1227 relicta
631 1189 727 1227 Occiden-

50 1263 91 1295 tem
103 1268 173 1295 versus
185 1257 270 1306 migrare
281 1261 341 1306 atque
350 1257 446 1295 Ordinem
467 1258 487 1295 in
499 1258 595 1307 Europam
615 1259 728 1307 transplan-

50 1331 103 1374 tare3
117 1338 157 1374 qua
165 1325 267 1364 occasione
274 1332 417 1375 congregatum
426 1327 464 1364 suit
470 1326 579 1376 capitulum
586 1327 611 1365 de
621 1338 660 1376 quo
667 1338 727 1376 supra

53 1397 84 1445 egi
101 1394 139 1446 (a).
151 1406 162 1433 «
180 1395 233 1433 Prior
245 1395 311 1443 iraque
323 1396 437 1433 monasterii
457 1396 532 1434 Montis
549 1396 633 1434 Carmeli
647 1396 727 1435 attentis

51 1462 160 1502 rationibus
170 1464 213 1502 istis
234 1469 253 1501 et
264 1463 387 1501 considerata
407 1465 544 1513 persecutione
563 1477 623 1514 quam
636 1465 656 1503 in
668 1465 727 1503 Terra

50 1533 119 1571 Sancta
131 1532 201 1582 pagani
213 1532 322 1570 inferebant
341 1532 386 1570 huic
399 1533 489 1582 religioni
507 1534 594 1578 assidue,
612 1534 727 1572 admonitus

50 1615 61 1640 a
73 1602 151 1640 Christo
163 1607 182 1639 et
193 1614 204 1639 a
215 1601 271 1640 beata
287 1601 347 1639 Maria
359 1602 439 1651 Virgine
450 1603 493 1652 ejus
505 1603 600 1652 genitrice
608 1603 628 1641 in
640 1603 725 1649 somnis,

51 1671 148 1709 licentiam
160 1670 260 1719 aliquibus
269 1670 361 1709 fratribus
371 1672 469 1710 concessit
477 1671 557 1710 Terram
568 1672 659 1710 Sanctam
672 1673 728 1711 dese-

51 1740 104 1778 rendi
114 1740 165 1778 etad
177 1740 266 1789 proprias
286 1740 377 1789 regiones
389 1741 491 1785 redeundi,
513 1741 592 1790 illicque
608 1742 727 1780 monasteria

52 1810 111 1858 huius
124 1808 225 1858 religionis
233 1808 350 1848 aedificandi.
363 1822 376 1847 »

77 1878 175 1923 Quisnam
187 1878 219 1916 hic
230 1878 283 1927 prior
294 1878 352 1916 suerit
363 1879 420 1928 cuius
432 1890 506 1918 nomen
518 1879 613 1919 Sanvicus
625 1885 676 1919 tacet
686 1892 726 1919 non

51 1946 119 1995 liquet.
133 1947 235 1984 Amoldus
247 1947 271 1984 de
283 1946 360 1984 Trenka
371 1946 391 1998 (a
405 1959 451 1997 135¹
467 1960 531 1997 usque
546 1947 595 1999 1362
612 1950 728 1998 procurator

51 2016 154 2064 generalis,
168 2027 221 2054 anno
230 2027 276 2054 vero
289 2014 338 2064 1362
353 2017 406 2066 prior
425 2017 546 2067 Tolosanus)
564 2019 583 2057 in
597 2007 658 2068 parvo
670 2020 727 2058 chro-

52 2084 96 2123 nico
108 2090 218 2123 conventus
230 2084 323 2123 Tolosani
332 2086 440 2135 capitulum
457 2087 506 2125 illud
518 2088 556 2125 sub
567 2088 631 2126 Alano
643 2089 728 2126 celebra-

51 2158 95 2192 tum
105 2154 166 2194 fuisse
177 2154 253 2195 asserit.
268 2166 280 2192 «
296 2155 357 2193 Anno
373 2166 421 2206 ¹237
438 2156 476 2194 sub
488 2156 661 2197 Reverendissimo
673 2158 727 2196 Patre

72 2342 101 2386 (r)
111 2342 183 2387 Specul.
194 2342 294 2384 Carmeli,
304 2355 333 2388 99,
344 2354 362 2377 n.
370 2354 411 2389 417.

72 2401 101 2445 (2)
111 2403 170 2446 Supra
180 2402 200 2435 P.
211 2413 245 2436 aro
257 2413 297 2447 sqq.
