1631 2703
284 109 353 137 neuen.
370 110 389 137 a.
405 110 424 137 u.
443 110 499 149 1345.
690 108 723 147 151

60 181 104 219 dem
113 183 167 231 quod
182 185 248 221 nullus
259 185 317 221 frater
330 183 349 221 in
364 188 463 222 conventu
474 183 582 234 Parysiensi
595 183 681 222 existens
693 194 726 221 cu-

57 236 177 300 juscumque
186 258 256 297 status,
271 254 343 302 gradus
355 258 389 291 aut
403 253 521 291 conditionis
533 253 603 290 existat
615 253 652 290 sub
668 261 725 301 poena

60 321 230 369 proprietariorum
251 322 368 361 taxationem
386 321 490 360 conventui
512 321 620 372 Parysiensi
640 322 725 360 debitam

59 387 159 442 audea[n]t
172 391 255 440 recipere
266 392 296 429 vel
307 397 373 429 tenere
383 391 424 429 sine
434 391 502 439 prioris
512 390 629 440 l'arysiensis
639 391 726 429 etclava-

59 458 132 497 riorum
142 459 216 498 licentia
226 460 309 509 speciali.

85 528 130 566 Item
143 528 162 566 in
174 529 241 567 eadem
257 529 332 567 rubrica
348 534 427 578 propter
444 529 504 566 multa
516 528 575 566 dubia
589 528 608 566 in
624 534 725 576 posterum

59 596 171 635 declaranda
181 598 294 636 ordinamus
304 598 358 647 quod
370 598 386 636 si
398 598 447 635 intra
459 598 543 635 eundem
559 609 634 636 annum
649 598 725 636 contin-

58 672 92 715 gat
103 667 154 705 duos
163 668 267 717 magistros
279 678 344 716 regere
353 668 450 717 Parysius,
466 666 584 705 taxationem
596 678 724 705 communem

60 735 133 773 ordinis
143 735 179 773 sibi
194 736 275 773 invicem
285 735 372 774 dividant
384 735 417 773 illo
429 747 481 773 anno
493 741 511 773 et
522 747 564 772 eam
578 735 684 784 percipiant
696 746 726 773 se-

58 804 145 843 cundum
155 805 283 853 quantitatem
295 805 390 853 temporis
402 804 495 853 majorem
505 805 534 842 vel
544 804 649 842 minorem.

84 873 130 911 ltem
140 873 254 911 ordinamus
266 873 345 922 quodsi
356 874 426 923 aliquis
438 884 502 911 novus
514 873 606 922 magister
618 879 661 910 ante
673 872 726 910 Nati-

59 942 137 980 vitatem
150 942 228 980 Domini
238 942 316 992 incipiat
325 943 414 993 Parysius
423 941 472 992 (Fol.
481 943 529 993 49b)
536 943 605 991 legere,
617 943 669 991 quod
677 943 726 980 inte-

59 1023 114 1060 gram
125 1012 244 1049 taxationern
257 1023 311 1050 asua
323 1012 422 1060 provincia
432 1011 510 1060 recipiat
524 1011 556 1049 illo
568 1023 620 1049 anno
635 1017 653 1049 et
668 1011 725 1049 annis

59 1080 196 1129 sequentibus,
207 1081 301 1129 quamdiu
315 1085 336 1118 ut
348 1080 473 1129 praemittitur
485 1081 520 1118 erit
530 1091 606 1129 regens,
622 1092 681 1128 quam
697 1086 726 1118 ta-

58 1149 156 1187 xationem
174 1155 320 1187 consueverunt
331 1150 414 1198 recipere
429 1149 517 1198 magistri
533 1154 623 1198 regentes
635 1150 725 1199 Parysius

57 1218 112 1267 juxta
121 1218 222 1267 antiquam
233 1219 294 1256 nostri
306 1218 380 1257 ordinis
392 1218 509 1256 institutam.
522 1218 541 1256 Si
553 1230 599 1256 vero
611 1218 676 1256 dictus
688 1230 725 1256 no-

58 1298 96 1325 vus
110 1287 203 1336 magIster
211 1291 256 1336 post
270 1287 393 1326 Nativitatem
402 1287 480 1325 Domini
493 1299 558 1336 regere
573 1287 657 1336 incipiat,
670 1288 726 1325 volu-

60 1367 105 1394 mus
120 1356 174 1405 quod
185 1356 283 1394 taxatione
298 1368 339 1395 suae
355 1356 459 1405 provinciae
479 1368 539 1405 quarn
557 1361 579 1394 ut
597 1361 726 1406 praesentatus

58 1425 161 1463 consuevit
173 1425 256 1475 recipere
268 1437 303 1474 pro
315 1426 408 1463 illoanno
420 1425 445 1463 sit
454 1430 567 1463 contentus.

86 1494 132 1531 ltern
142 1494 256 1531 ordinamus
266 1495 319 1542 quod
328 1494 344 1532 si
352 1494 445 1543 magister
455 1505 523 1543 regens
535 1494 624 1544 Parysius
633 1500 677 1531 ante
699 1495 726 1531 se-

59 1567 113 1600 stum
121 1563 217 1601 Omnium
229 1563 344 1601 Sanctorum
352 1564 421 1601 habeat
431 1554 564 1602 successorem
573 1563 689 1612 magistrum
697 1574 726 1601 re-

59 1636 146 1678 gentem,
155 1632 210 1679 quod
218 1632 316 1669 taxatione
324 1642 365 1669 suae
374 1631 480 1680 provinciae
486 1643 531 1679 quae
540 1637 562 1669 ut
570 1631 687 1681 magistrum
697 1643 726 1669 re-

59 1703 139 1746 gentem
151 1699 241 1749 Parysius
250 1699 376 1748 contingebat
383 1700 416 1737 illo
425 1711 476 1737 anno
489 1700 513 1737 sit
526 1699 619 1748 privatus.

86 1767 105 1805 Si
114 1778 160 1804 vero
173 1772 217 1816 post
230 1767 304 1805 dictum
318 1768 389 1805 testum
400 1779 532 1806 successorem
543 1768 619 1809 habeat,
632 1768 726 1806 volumus

60 1836 114 1885 quod
124 1835 187 1873 dictus
199 1835 292 1884 magister
301 1847 339 1884 pro
358 1836 391 1873 illo
403 1847 456 1873 anno
467 1842 530 1874 totam
551 1836 662 1885 praedictam
673 1841 727 1874 taxa-

60 1904 134 1942 tionem
146 1916 157 1941 a
173 1915 207 1942 sua
228 1904 326 1952 provincia
342 1904 419 1953 recipiat
431 1906 540 1942 secundum
556 1904 610 1953 quod
622 1904 641 1942 in
654 1905 727 1943 nostris

47 2016 48 2019 Ἴ
60 1972 233 2010 constitutionibus
243 1972 318 2020 plenius
330 1972 447 2011 continetur.
719 1975 721 1978 ’

86 2042 133 2079 ltem
145 2040 259 2078 ordinamus
271 2042 323 2089 quod
338 2041 353 2078 si
365 2028 486 2079 bachalarius
497 2041 566 2090 aliquis
575 2041 665 2091 Parysius
676 2046 728 2080 esset

61 2110 171 2148 licentiatus
180 2110 199 2146 in
209 2110 306 2158 theologia
318 2114 363 2146 ante
375 2111 446 2148 festum
460 2110 609 2158 Assumptionis
618 2110 680 2147 beatae
688 2111 728 2148 Ma-

61 2180 93 2217 riae
106 2190 141 2228 pro
153 2190 205 2216 anno
224 2179 290 2216 futuro
303 2189 342 2216 non
358 2183 447 2216 teneatur
458 2180 532 2216 solvere
545 2172 662 2217 taxationem
683 2191 728 2218 con-

61 2248 127 2286 ventui
139 2246 255 2297 Parysicnsi.
268 2247 287 2284 Si
297 2257 343 2285 vero
355 2253 400 2296 post
408 2247 482 2285 dictum
494 2249 565 2285 festum
576 2248 686 2286 licentiatus
697 2249 728 2286 fu-

61 2317 102 2361 erit,
118 2317 211 2354 volumus
227 2316 281 2363 quod
290 2327 325 2364 pro
337 2316 375 2360 illo
384 2326 436 2353 anno
448 2309 515 2354 tuturo
532 2316 628 2365 integram
646 2316 728 2354 taxatio-

63 2397 107 2424 nem
127 2383 232 2423 conventui
244 2384 351 2434 Parysiensi
360 2385 435 2423 solvere
444 2389 540 2422 teneatur.
