1631 2703
316 99 395 131 nuanrca
410 99 454 129 ιιιιιι
697 85 722 140 69

5 159 7 199 f
48 179 90 218 liter
98 175 159 215 taxari
168 175 278 214 seeundum
290 176 366 215 itineris
377 175 492 225 qualitatem
504 178 523 213 et
533 173 672 228 quantitatem
683 174 723 212 Vo-

48 250 114 288 lumus
132 251 197 284 tamen
216 246 271 295 quod
287 245 302 284 si
318 246 404 295 priorem
420 244 561 295 provincialem
575 254 723 294 quemcumque

48 317 76 355 vel
86 316 171 363 aliquem
185 315 285 354 sociorum
295 326 378 354 suorum
393 328 403 353 a
419 314 504 364 capitulo
518 313 605 363 generali
621 325 722 352 remanere

48 384 159 434 contigerit,
170 384 272 434 pecuniam
282 384 319 423 sibi
326 389 412 423 taxatam
424 382 546 434 integraliter
558 382 660 438 restituere
669 387 722 421 tene-

4 455 6 498 ᾗ
47 461 97 495 atur.
109 464 127 502 7.
144 454 197 492 Prior
211 459 277 492 autem
289 454 385 503 generalis
397 454 413 492 si
425 454 449 492 ad
464 453 578 503 capitulum
587 453 679 502 generale
691 464 722 491 ve·

47 527 88 565 nire
103 537 143 564 non
160 526 224 574 possit
241 525 352 564 infirmitate
362 525 396 565 ,vel
414 524 449 562 alia
467 524 520 574 justa
537 535 595 562 causa
605 523 720 573 impeditus,

47 595 111 635 mittat
123 595 188 634 socios
200 606 248 634 suos
257 600 276 633 et
285 594 372 645 sigillum
382 605 441 633 suum
452 598 471 632 et
482 592 607 643 privilegium
623 593 647 632 de
658 598 723 642 potes-

0 702 5 716 Γ
48 670 86 703 tate
98 669 162 703 suaet
178 664 309 703 diffinitorum
329 664 407 712 capituli
420 663 517 713 generalis
535 663 601 712 sigillo
615 662 721 712 provinciae

47 735 77 773 vel
88 733 158 783 sigillis
171 733 241 783 prioris
250 739 269 772 et
281 738 392 772 conventus
404 733 424 770 in
434 744 475 782 quo
487 732 599 770 infirmatur
611 732 720 778 munitum,

47 815 80 853 pei·
89 803 173 853 priorem
186 803 326 852 provincialem
337 802 388 841 illius
397 801 503 852 provinciae
512 802 532 840 in
544 814 583 850 qua
595 802 660 851 ipsum
673 813 721 840 con-

0 904 4 937 ἒ
46 872 111 922 tigerit
122 871 219 921 impediri.
230 874 249 911 8.
262 871 372 910 Statuimus
384 869 434 920 (Fol.
446 882 470 909 22
483 872 503 923 a)
512 876 578 908 autem
587 870 640 919 quod
652 871 723 909 absen-

0 993 3 997 ,
46 948 65 981 te
74 947 92 980 et
103 941 182 981 vivente
194 942 257 991 priore
264 941 349 992 generali
362 941 378 980 si
392 941 486 981 vicarium
499 940 565 979 mittat
576 941 600 979 ad
613 940 721 990 capitulum

0 998 3 1005 ’
46 1012 142 1061 generale,
153 1011 184 1049 ille
193 1011 276 1050 vicarius
288 1022 353 1060 usque
364 1011 388 1048 ad
398 1012 471 1049 lactum
481 1010 599 1049 scrutinium
609 1010 723 1068 praesidebit

0 1076 2 1118 l
46 1086 64 1120 et
73 1081 143 1120 exinde
152 1081 255 1130 praesideat
263 1080 362 1130 antiquior
371 1079 494 1130 provincialis
507 1080 617 1118 secundum
630 1079 721 1118 ordinem

0 1138 2 1163 ³
47 1150 199 1200 provinciarum,
207 1150 271 1188 donec
284 1150 337 1198 prior
345 1149 443 1200 generalis
452 1149 510 1188 luerit
521 1148 658 1188 confirmatus.
725 1143 727 1146 ’

72 1231 91 1269 9.
108 1219 127 1257 Si
137 1230 183 1258 vero
196 1221 274 1258 nullum
284 1219 378 1258 vicariurn
388 1219 470 1264 miserit,
487 1218 586 1268 antiquior
595 1218 721 1268 provincialis

0 1274 1 1312 Ῐ
46 1289 156 1327 secundum
166 1289 254 1327 ordinem
265 1289 420 1338 provinciarum,
431 1288 451 1326 in
462 1288 557 1327 scrutinio
567 1294 587 1326 et
597 1288 617 1326 in
627 1288 721 1327 omnibus

46 1358 87 1397 aliis
102 1358 166 1396 donec
179 1358 232 1408 prior
243 1359 339 1408 generalis
356 1358 414 1397 luerit
431 1357 568 1406 confirmatus,
586 1358 622 1396 toti
635 1358 720 1407 capitulo

47 1428 166 1476 praesidebit.
182 1439 211 1466 ιο.
227 1428 305 1466 Mortuo
317 1412 384 1466 autem
393 1428 457 1477 priore
469 1428 554 1477 generali
567 1429 597 1466 vel
609 1433 720 1477 assumpto,

47 1507 81 1534 seu
96 1497 142 1535 alias
154 1497 178 1535 ab
194 1496 259 1535 officio
268 1501 344 1541 amoto,
361 1496 414 1546 prior
426 1495 552 1545 provincialis
564 1497 595 1534 vel
607 1496 690 1535 vicarius
700 1495 722 1534 il-

47 1566 84 1603 lius
99 1566 207 1615 provinciae
221 1577 256 1615 per
273 1566 381 1615 capitulum
396 1565 516 1615 provinciale
532 1570 578 1604 ante
593 1566 716 1604 vacationem

47 1636 171 1684 generalatus
183 1637 263 1680 electus,
275 1635 291 1674 si
306 1635 431 1685 provincialis
443 1635 494 1674 illius
507 1635 614 1684 provinciae
625 1635 659 1674 ubi
671 1636 723 1685 capi-

46 1706 111 1743 tulum
121 1706 211 1755 generale
225 1706 286 1743 fuerat
296 1705 416 1750 ordinatum,
430 1710 522 1744 mortuus
539 1705 604 1748 merit,
618 1706 722 1754 depositus

47 1775 77 1812 vel
89 1781 212 1824 assumptus,
229 1786 263 1812 seu
286 1775 332 1812 alias
352 1774 438 1824 legitime
452 1774 477 1812 ab
494 1775 611 1813 executione
622 1775 653 1814 sui
664 1775 722 1814 officii

47 1843 160 1892 impeditus,
174 1844 199 1882 sit
214 1844 297 1881 vicarius
312 1843 408 1893 generalis
420 1844 481 1882 totius
494 1844 576 1889 ordinis,
591 1849 610 1882 et
627 1846 723 1895 iungatur

47 1913 160 1951 auctoritate
171 1913 256 1963 plenaria
264 1913 334 1963 prioris
348 1913 443 1963 generalis
455 1917 475 1951 et
486 1914 590 1963 praesideat
601 1914 621 1953 in
637 1914 722 1965 capitulo

48 1983 135 2030 generali
151 1983 213 2020 donec
233 1982 285 2032 prior
300 1982 397 2032 generalis
415 1983 441 2021 sit
456 1983 530 2021 electus
548 1988 567 2021 et
584 1984 721 2023 confirmatus.

51 2062 80 2089 11.
94 2053 118 2090 lta
133 2058 199 2090 tamen
212 2053 266 2102 quod
278 2052 327 2090 inira
345 2063 420 2091 annum
431 2058 477 2101 post
488 2053 565 2092 obitum
576 2053 646 2103 prioris
663 2065 724 2104 gene-

49 2120 92 2159 ralis
108 2133 142 2171 per
155 2122 270 2171 praedictum
281 2122 366 2171 priorem
383 2122 522 2171 provincialem
535 2135 570 2162 seu
581 2123 675 2162 vicarium
688 2135 723 2173 pro

48 2191 138 2239 eligendo
148 2193 211 2241 priore
229 2193 313 2241 generali
330 2193 438 2242 capitulum
456 2195 547 2243 generale
562 2199 689 2233 convocetur.
704 2194 723 2232 Si

47 2261 144 2299 terminus
158 2262 260 2300 ordinatus
272 2272 305 2311 per
318 2262 431 2311 praecedens
448 2264 557 2312 capitulum
569 2264 667 2314 generale,
690 2263 723 2302 illo

47 2334 95 2368 tunc
107 2332 169 2369 multo
182 2332 227 2381 plus
239 2331 339 2370 distaverit
348 2343 408 2381 quam
422 2344 457 2381 per
466 2345 550 2378 annum,
561 2333 599 2372 nisi
608 2334 658 2372 torte
670 2332 723 2382 prior

47 2401 143 2448 generalis
156 2401 188 2439 tali
196 2406 285 2454 tempore
294 2401 338 2440 anni
349 2407 465 2450 moreretur,
480 2408 513 2442 aut
522 2405 572 2444 torte
581 2403 659 2445 aliunde
668 2414 724 2444 vaca-
