<?xml version="1.0" encoding="UTF-8"?>
<!DOCTYPE html PUBLIC "-//W3C//DTD XHTML 1.0 Transitional//EN"
    "http://www.w3.org/TR/xhtml1/DTD/xhtml1-transitional.dtd">
<html xmlns="http://www.w3.org/1999/xhtml" xml:lang="en" lang="en">
 <head>
  <title>
</title>
<meta http-equiv="Content-Type" content="text/html;charset=utf-8" />
  <meta name='ocr-system' content='tesseract 3.04.00' />
  <meta name='ocr-capabilities' content='ocr_page ocr_carea ocr_par ocr_line ocrx_word'/>
</head>
<body>
  <div class='ocr_page' id='page_1' title='image "MN5087ucmf_2_0089.png"; bbox 0 0 1631 2703; ppageno 0'>
   <div class='ocr_carea' id='block_1_1' title="bbox 299 95 722 154">
    <p class='ocr_par' dir='ltr' id='par_1_1' title="bbox 299 95 722 154">
     <span class='ocr_line' id='line_1_1' title="bbox 299 95 722 154; baseline -0.009 -8"><span class='ocrx_word' id='word_1_1' title='bbox 299 95 396 146; x_wconf 65' lang='lat' dir='ltr'>&#39;nouerca</span> <span class='ocrx_word' id='word_1_2' title='bbox 411 117 453 145; x_wconf 85' lang='lat' dir='ltr'>xxm</span> <span class='ocrx_word' id='word_1_3' title='bbox 697 114 722 154; x_wconf 72' lang='lat'>73</span> 
     </span>
    </p>
   </div>
   <div class='ocr_carea' id='block_1_2' title="bbox 0 189 725 521">
    <p class='ocr_par' dir='ltr' id='par_1_2' title="bbox 0 179 725 521">
     <span class='ocr_line' id='line_1_2' title="bbox 50 189 724 243; baseline -0.008 -10.414"><span class='ocrx_word' id='word_1_4' title='bbox 50 192 100 243; x_wconf 88' lang='lat' dir='ltr'>legio</span> <span class='ocrx_word' id='word_1_5' title='bbox 112 203 150 230; x_wconf 93' lang='lat' dir='ltr'>suo</span> <span class='ocrx_word' id='word_1_6' title='bbox 161 196 181 230; x_wconf 90' lang='lat' dir='ltr'>et</span> <span class='ocrx_word' id='word_1_7' title='bbox 198 190 337 238; x_wconf 82' lang='lat' dir='ltr'>diffinitorum,</span> <span class='ocrx_word' id='word_1_8' title='bbox 352 191 493 231; x_wconf 84' lang='lat' dir='ltr'>diffinitoribus</span> <span class='ocrx_word' id='word_1_9' title='bbox 506 191 574 231; x_wconf 88' lang='lat' dir='ltr'>reddat</span> <span class='ocrx_word' id='word_1_10' title='bbox 590 189 691 229; x_wconf 88' lang='lat' dir='ltr'>humiliter</span> <span class='ocrx_word' id='word_1_11' title='bbox 705 194 724 227; x_wconf 86' lang='lat' dir='ltr'>et</span> 
     </span>
     <span class='ocr_line' id='line_1_3' title="bbox 0 251 725 320; baseline -0.008 -17"><span class='ocrx_word' id='word_1_12' title='bbox 0 251 6 320; x_wconf 66' lang='grc' dir='ltr'><em>Ξ</em></span> <span class='ocrx_word' id='word_1_13' title='bbox 49 265 126 303; x_wconf 89' lang='lat' dir='ltr'>devote.</span> <span class='ocrx_word' id='word_1_14' title='bbox 140 272 172 309; x_wconf 79' lang='lat'>24.</span> <span class='ocrx_word' id='word_1_15' title='bbox 186 262 261 300; x_wconf 81' lang='lat' dir='ltr'>Deinde</span> <span class='ocrx_word' id='word_1_16' title='bbox 269 262 350 300; x_wconf 86' lang='lat' dir='ltr'>audiant</span> <span class='ocrx_word' id='word_1_17' title='bbox 358 262 474 301; x_wconf 85' lang='lat' dir='ltr'>diffinitores</span> <span class='ocrx_word' id='word_1_18' title='bbox 484 264 551 312; x_wconf 81' lang='lat' dir='ltr'>culpas</span> <span class='ocrx_word' id='word_1_19' title='bbox 563 260 634 311; x_wconf 92' lang='lat' dir='ltr'>prioris</span> <span class='ocrx_word' id='word_1_20' title='bbox 643 271 725 310; x_wconf 86' lang='lat' dir='ltr'>genera-</span> 
     </span>
     <span class='ocr_line' id='line_1_4' title="bbox 0 331 724 382; baseline -0.007 -10"><span class='ocrx_word' id='word_1_21' title='bbox 0 351 6 360; x_wconf 87' lang='lat'>-·</span> <span class='ocrx_word' id='word_1_22' title='bbox 49 335 72 372; x_wconf 91' lang='lat' dir='ltr'>lis</span> <span class='ocrx_word' id='word_1_23' title='bbox 83 331 189 370; x_wconf 83' lang='lat' dir='ltr'>diffinitore</span> <span class='ocrx_word' id='word_1_24' title='bbox 200 332 252 371; x_wconf 92' lang='lat' dir='ltr'>illius</span> <span class='ocrx_word' id='word_1_25' title='bbox 261 332 368 381; x_wconf 74' lang='lat' dir='ltr'>provincie</span> <span class='ocrx_word' id='word_1_26' title='bbox 379 333 399 371; x_wconf 91' lang='lat' dir='ltr'>in</span> <span class='ocrx_word' id='word_1_27' title='bbox 409 344 447 381; x_wconf 85' lang='lat' dir='ltr'>qua</span> <span class='ocrx_word' id='word_1_28' title='bbox 457 332 563 382; x_wconf 87' lang='lat' dir='ltr'>capitulum</span> <span class='ocrx_word' id='word_1_29' title='bbox 574 331 663 380; x_wconf 84' lang='lat' dir='ltr'>generale</span> <span class='ocrx_word' id='word_1_30' title='bbox 675 332 724 368; x_wconf 90' lang='lat' dir='ltr'>cele-</span> 
     </span>
     <span class='ocr_line' id='line_1_5' title="bbox 0 389 723 452; baseline -0.004 -10"><span class='ocrx_word' id='word_1_31' title='bbox 0 389 3 402; x_wconf 41' lang='lat'><em>*</em></span> <span class='ocrx_word' id='word_1_32' title='bbox 49 404 116 442; x_wconf 85' lang='lat' dir='ltr'>bratur</span> <span class='ocrx_word' id='word_1_33' title='bbox 127 401 250 451; x_wconf 72' lang='lat' dir='ltr'>praesidente,</span> <span class='ocrx_word' id='word_1_34' title='bbox 265 402 369 452; x_wconf 82' lang='lat' dir='ltr'>diligenter</span> <span class='ocrx_word' id='word_1_35' title='bbox 380 402 534 441; x_wconf 72' lang='lat' dir='ltr'>determinantes</span> <span class='ocrx_word' id='word_1_36' title='bbox 544 406 612 441; x_wconf 88' lang='lat' dir='ltr'>utrum</span> <span class='ocrx_word' id='word_1_37' title='bbox 629 401 686 439; x_wconf 83' lang='lat' dir='ltr'>luerit</span> <span class='ocrx_word' id='word_1_38' title='bbox 704 401 723 439; x_wconf 93' lang='lat' dir='ltr'>in</span> 
     </span>
     <span class='ocr_line' id='line_1_6' title="bbox 0 452 453 521; baseline -0.004 -8"><span class='ocrx_word' id='word_1_39' title='bbox 0 452 5 513; x_wconf 76' lang='lat' dir='ltr'>i</span> <span class='ocrx_word' id='word_1_40' title='bbox 50 472 114 512; x_wconf 85' lang='lat' dir='ltr'>officio</span> <span class='ocrx_word' id='word_1_41' title='bbox 123 472 268 521; x_wconf 91' lang='lat' dir='ltr'>permittendus</span> <span class='ocrx_word' id='word_1_42' title='bbox 277 484 301 510; x_wconf 85' lang='lat' dir='ltr'>an</span> <span class='ocrx_word' id='word_1_43' title='bbox 311 472 453 511; x_wconf 88' lang='lat' dir='ltr'>absolvendus.</span> 
     </span>
    </p>
   </div>
   <div class='ocr_carea' id='block_1_3' title="bbox 0 541 727 2477">
    <p class='ocr_par' dir='ltr' id='par_1_3' title="bbox 0 541 725 1085">
     <span class='ocr_line' id='line_1_7' title="bbox 0 541 724 596; baseline -0.001 -16"><span class='ocrx_word' id='word_1_44' title='bbox 0 582 4 596; x_wconf 40' lang='grc' dir='ltr'><em>Ξ</em></span> <span class='ocrx_word' id='word_1_45' title='bbox 76 553 108 592; x_wconf 75' lang='lat'>25.</span> <span class='ocrx_word' id='word_1_46' title='bbox 121 542 221 581; x_wconf 82' lang='lat' dir='ltr'>Generalis</span> <span class='ocrx_word' id='word_1_47' title='bbox 230 543 335 581; x_wconf 90' lang='lat' dir='ltr'>absolutus</span> <span class='ocrx_word' id='word_1_48' title='bbox 347 547 413 591; x_wconf 91' lang='lat' dir='ltr'>potest</span> <span class='ocrx_word' id='word_1_49' title='bbox 424 543 496 592; x_wconf 80' lang='lat' dir='ltr'>eligere</span> <span class='ocrx_word' id='word_1_50' title='bbox 511 541 548 581; x_wconf 89' lang='lat' dir='ltr'>sibl</span> <span class='ocrx_word' id='word_1_51' title='bbox 561 541 682 591; x_wconf 88' lang='lat' dir='ltr'>provinciam</span> <span class='ocrx_word' id='word_1_52' title='bbox 700 541 724 579; x_wconf 87' lang='lat' dir='ltr'>ad</span> 
     </span>
     <span class='ocr_line' id='line_1_8' title="bbox 0 612 724 662; baseline -0.001 -12"><span class='ocrx_word' id='word_1_53' title='bbox 0 624 3 635; x_wconf 78' lang='lat'>.</span> <span class='ocrx_word' id='word_1_54' title='bbox 50 612 171 651; x_wconf 88' lang='lat' dir='ltr'>manendum</span> <span class='ocrx_word' id='word_1_55' title='bbox 182 612 205 650; x_wconf 88' lang='lat' dir='ltr'>de</span> <span class='ocrx_word' id='word_1_56' title='bbox 212 616 254 650; x_wconf 87' lang='lat' dir='ltr'>tota</span> <span class='ocrx_word' id='word_1_57' title='bbox 264 617 331 650; x_wconf 90' lang='lat' dir='ltr'>nostra</span> <span class='ocrx_word' id='word_1_58' title='bbox 343 612 437 662; x_wconf 89' lang='lat' dir='ltr'>religione</span> <span class='ocrx_word' id='word_1_59' title='bbox 445 613 490 650; x_wconf 90' lang='lat' dir='ltr'>etin</span> <span class='ocrx_word' id='word_1_60' title='bbox 501 624 522 650; x_wconf 83' lang='lat' dir='ltr'>ea</span> <span class='ocrx_word' id='word_1_61' title='bbox 531 616 652 650; x_wconf 88' lang='lat' dir='ltr'>conventum</span> <span class='ocrx_word' id='word_1_62' title='bbox 660 622 724 650; x_wconf 90' lang='lat' dir='ltr'>unum</span> 
     </span>
     <span class='ocr_line' id='line_1_9' title="bbox 50 681 724 732; baseline -0.001 -12.069"><span class='ocrx_word' id='word_1_63' title='bbox 50 693 109 732; x_wconf 84' lang='lat' dir='ltr'>quem</span> <span class='ocrx_word' id='word_1_64' title='bbox 129 682 220 721; x_wconf 88' lang='lat' dir='ltr'>voluerit.</span> <span class='ocrx_word' id='word_1_65' title='bbox 234 682 260 720; x_wconf 91' lang='lat' dir='ltr'>lta</span> <span class='ocrx_word' id='word_1_66' title='bbox 272 687 340 721; x_wconf 88' lang='lat' dir='ltr'>tamen</span> <span class='ocrx_word' id='word_1_67' title='bbox 360 683 414 732; x_wconf 90' lang='lat' dir='ltr'>quod</span> <span class='ocrx_word' id='word_1_68' title='bbox 429 683 445 721; x_wconf 94' lang='lat' dir='ltr'>si</span> <span class='ocrx_word' id='word_1_69' title='bbox 465 682 485 720; x_wconf 91' lang='lat' dir='ltr'>in</span> <span class='ocrx_word' id='word_1_70' title='bbox 498 682 565 720; x_wconf 88' lang='lat' dir='ltr'>eadem</span> <span class='ocrx_word' id='word_1_71' title='bbox 584 681 684 732; x_wconf 86' lang='lat' dir='ltr'>provincia</span> <span class='ocrx_word' id='word_1_72' title='bbox 701 681 724 719; x_wconf 88' lang='lat' dir='ltr'>de</span> 
     </span>
     <span class='ocr_line' id='line_1_10' title="bbox 0 740 725 800; baseline -0.006 -7"><span class='ocrx_word' id='word_1_73' title='bbox 0 740 4 782; x_wconf 71' lang='lat'>&#39;2</span> <span class='ocrx_word' id='word_1_74' title='bbox 49 757 149 791; x_wconf 88' lang='lat' dir='ltr'>conventu</span> <span class='ocrx_word' id='word_1_75' title='bbox 166 752 190 790; x_wconf 92' lang='lat' dir='ltr'>ad</span> <span class='ocrx_word' id='word_1_76' title='bbox 202 756 323 791; x_wconf 89' lang='lat' dir='ltr'>conventum</span> <span class='ocrx_word' id='word_1_77' title='bbox 333 752 360 790; x_wconf 88' lang='lat' dir='ltr'>ire</span> <span class='ocrx_word' id='word_1_78' title='bbox 369 752 461 798; x_wconf 91' lang='lat' dir='ltr'>voluerit,</span> <span class='ocrx_word' id='word_1_79' title='bbox 476 753 514 791; x_wconf 87' lang='lat' dir='ltr'>boc</span> <span class='ocrx_word' id='word_1_80' title='bbox 534 752 590 790; x_wconf 83' lang='lat' dir='ltr'>saciat</span> <span class='ocrx_word' id='word_1_81' title='bbox 602 752 626 790; x_wconf 94' lang='lat' dir='ltr'>de</span> <span class='ocrx_word' id='word_1_82' title='bbox 637 752 667 790; x_wconf 89' lang='lat' dir='ltr'>sui</span> <span class='ocrx_word' id='word_1_83' title='bbox 680 762 725 800; x_wconf 90' lang='lat' dir='ltr'>pro-</span> 
     </span>
     <span class='ocr_line' id='line_1_11' title="bbox 0 821 725 872; baseline -0.001 -12"><span class='ocrx_word' id='word_1_84' title='bbox 0 831 4 842; x_wconf 44' lang='lat' dir='ltr'>t</span> <span class='ocrx_word' id='word_1_85' title='bbox 48 821 135 861; x_wconf 85' lang='lat' dir='ltr'>vincialls</span> <span class='ocrx_word' id='word_1_86' title='bbox 147 821 223 861; x_wconf 90' lang='lat' dir='ltr'>licentia</span> <span class='ocrx_word' id='word_1_87' title='bbox 233 822 318 872; x_wconf 86' lang='lat' dir='ltr'>speciali.</span> <span class='ocrx_word' id='word_1_88' title='bbox 329 822 444 861; x_wconf 79' lang='lat' dir='ltr'>Conventus</span> <span class='ocrx_word' id='word_1_89' title='bbox 456 827 522 860; x_wconf 86' lang='lat' dir='ltr'>autem</span> <span class='ocrx_word' id='word_1_90' title='bbox 534 823 559 860; x_wconf 86' lang='lat' dir='ltr'>ad</span> <span class='ocrx_word' id='word_1_91' title='bbox 568 833 619 871; x_wconf 85' lang='lat' dir='ltr'>quos</span> <span class='ocrx_word' id='word_1_92' title='bbox 639 821 725 860; x_wconf 84' lang='lat' dir='ltr'>declina-</span> 
     </span>
     <span class='ocr_line' id='line_1_12' title="bbox 0 876 725 947; baseline -0.003 -16"><span class='ocrx_word' id='word_1_93' title='bbox 0 876 4 947; x_wconf 88' lang='grc' dir='ltr'><em>Ξ</em></span> <span class='ocrx_word' id='word_1_94' title='bbox 49 891 98 931; x_wconf 93' lang='lat' dir='ltr'>verit</span> <span class='ocrx_word' id='word_1_95' title='bbox 109 892 175 940; x_wconf 93' lang='lat' dir='ltr'>ipsum</span> <span class='ocrx_word' id='word_1_96' title='bbox 185 891 277 942; x_wconf 81' lang='lat' dir='ltr'>recipiant</span> <span class='ocrx_word' id='word_1_97' title='bbox 289 896 405 931; x_wconf 83' lang='lat' dir='ltr'>reverenter.</span> <span class='ocrx_word' id='word_1_98' title='bbox 416 892 442 930; x_wconf 90' lang='lat' dir='ltr'>lta</span> <span class='ocrx_word' id='word_1_99' title='bbox 454 896 520 930; x_wconf 85' lang='lat' dir='ltr'>tamen</span> <span class='ocrx_word' id='word_1_100' title='bbox 531 892 585 941; x_wconf 87' lang='lat' dir='ltr'>quod</span> <span class='ocrx_word' id='word_1_101' title='bbox 598 891 618 930; x_wconf 94' lang='lat' dir='ltr'>in</span> <span class='ocrx_word' id='word_1_102' title='bbox 631 891 698 930; x_wconf 86' lang='lat' dir='ltr'>eundo</span> <span class='ocrx_word' id='word_1_103' title='bbox 706 894 725 928; x_wconf 83' lang='lat' dir='ltr'>et</span> 
     </span>
     <span class='ocr_line' id='line_1_13' title="bbox 0 961 724 1015; baseline 0 -15"><span class='ocrx_word' id='word_1_104' title='bbox 0 965 3 1015; x_wconf 74' lang='grc' dir='ltr'><em>ξ</em></span> <span class='ocrx_word' id='word_1_105' title='bbox 49 962 149 1001; x_wconf 91' lang='lat' dir='ltr'>redeundo</span> <span class='ocrx_word' id='word_1_106' title='bbox 159 962 197 1001; x_wconf 90' lang='lat' dir='ltr'>sibi</span> <span class='ocrx_word' id='word_1_107' title='bbox 210 974 250 1001; x_wconf 85' lang='lat' dir='ltr'>non</span> <span class='ocrx_word' id='word_1_108' title='bbox 262 962 379 1012; x_wconf 81' lang='lat' dir='ltr'>provideant</span> <span class='ocrx_word' id='word_1_109' title='bbox 390 963 410 1001; x_wconf 91' lang='lat' dir='ltr'>in</span> <span class='ocrx_word' id='word_1_110' title='bbox 419 962 519 1012; x_wconf 85' lang='lat' dir='ltr'>expensis,</span> <span class='ocrx_word' id='word_1_111' title='bbox 532 961 596 1001; x_wconf 91' lang='lat' dir='ltr'>sedin</span> <span class='ocrx_word' id='word_1_112' title='bbox 609 961 724 1001; x_wconf 88' lang='lat' dir='ltr'>necessariis</span> 
     </span>
     <span class='ocr_line' id='line_1_14' title="bbox 49 1031 617 1085; baseline 0 -14"><span class='ocrx_word' id='word_1_113' title='bbox 49 1031 90 1071; x_wconf 93' lang='lat' dir='ltr'>suis</span> <span class='ocrx_word' id='word_1_114' title='bbox 99 1032 149 1070; x_wconf 87' lang='lat' dir='ltr'>inira</span> <span class='ocrx_word' id='word_1_115' title='bbox 158 1037 279 1071; x_wconf 86' lang='lat' dir='ltr'>conventum</span> <span class='ocrx_word' id='word_1_116' title='bbox 290 1032 406 1082; x_wconf 86' lang='lat' dir='ltr'>provideant</span> <span class='ocrx_word' id='word_1_117' title='bbox 418 1036 560 1082; x_wconf 87' lang='lat' dir='ltr'>competenter.</span> <span class='ocrx_word' id='word_1_118' title='bbox 615 1077 617 1085; x_wconf 40' lang='grc' dir='ltr'>Ι</span> 
     </span>
    </p>

    <p class='ocr_par' dir='ltr' id='par_1_4' title="bbox 0 1086 727 2477">
     <span class='ocr_line' id='line_1_15' title="bbox 0 1086 724 1152; baseline -0.001 -12"><span class='ocrx_word' id='word_1_119' title='bbox 0 1086 2 1098; x_wconf 44' lang='lat'>³</span> <span class='ocrx_word' id='word_1_120' title='bbox 75 1102 108 1140; x_wconf 79' lang='lat'>26.</span> <span class='ocrx_word' id='word_1_121' title='bbox 123 1102 233 1141; x_wconf 89' lang='lat' dir='ltr'>Statuimus</span> <span class='ocrx_word' id='word_1_122' title='bbox 244 1107 311 1140; x_wconf 88' lang='lat' dir='ltr'>autem</span> <span class='ocrx_word' id='word_1_123' title='bbox 330 1102 385 1151; x_wconf 89' lang='lat' dir='ltr'>quod</span> <span class='ocrx_word' id='word_1_124' title='bbox 397 1101 456 1152; x_wconf 88' lang='lat' dir='ltr'>priori</span> <span class='ocrx_word' id='word_1_125' title='bbox 468 1102 554 1152; x_wconf 87' lang='lat' dir='ltr'>generali</span> <span class='ocrx_word' id='word_1_126' title='bbox 566 1101 657 1140; x_wconf 90' lang='lat' dir='ltr'>absoluto</span> <span class='ocrx_word' id='word_1_127' title='bbox 675 1101 724 1139; x_wconf 84' lang='lat' dir='ltr'>fiant</span> 
     </span>
     <span class='ocr_line' id='line_1_16' title="bbox 49 1171 723 1221; baseline -0.003 -11.136"><span class='ocrx_word' id='word_1_128' title='bbox 49 1183 141 1220; x_wconf 87' lang='lat' dir='ltr'>expensae</span> <span class='ocrx_word' id='word_1_129' title='bbox 153 1171 177 1209; x_wconf 91' lang='lat' dir='ltr'>de</span> <span class='ocrx_word' id='word_1_130' title='bbox 184 1171 286 1210; x_wconf 92' lang='lat' dir='ltr'>communi</span> <span class='ocrx_word' id='word_1_131' title='bbox 298 1172 373 1210; x_wconf 88' lang='lat' dir='ltr'>ordinis</span> <span class='ocrx_word' id='word_1_132' title='bbox 385 1183 396 1210; x_wconf 88' lang='lat' dir='ltr'>a</span> <span class='ocrx_word' id='word_1_133' title='bbox 407 1172 450 1210; x_wconf 87' lang='lat' dir='ltr'>loco</span> <span class='ocrx_word' id='word_1_134' title='bbox 463 1171 543 1221; x_wconf 87' lang='lat' dir='ltr'>capituli</span> <span class='ocrx_word' id='word_1_135' title='bbox 554 1171 650 1221; x_wconf 85' lang='lat' dir='ltr'>generalis</span> <span class='ocrx_word' id='word_1_136' title='bbox 659 1182 723 1219; x_wconf 90' lang='lat' dir='ltr'>usque</span> 
     </span>
     <span class='ocr_line' id='line_1_17' title="bbox 49 1240 722 1291; baseline -0.003 -11.136"><span class='ocrx_word' id='word_1_137' title='bbox 49 1242 73 1280; x_wconf 83' lang='lat' dir='ltr'>ad</span> <span class='ocrx_word' id='word_1_138' title='bbox 84 1247 206 1281; x_wconf 86' lang='lat' dir='ltr'>conventum</span> <span class='ocrx_word' id='word_1_139' title='bbox 222 1253 282 1290; x_wconf 85' lang='lat' dir='ltr'>quem</span> <span class='ocrx_word' id='word_1_140' title='bbox 296 1242 375 1291; x_wconf 89' lang='lat' dir='ltr'>elegerit</span> <span class='ocrx_word' id='word_1_141' title='bbox 394 1242 418 1279; x_wconf 89' lang='lat' dir='ltr'>ad</span> <span class='ocrx_word' id='word_1_142' title='bbox 436 1242 566 1280; x_wconf 89' lang='lat' dir='ltr'>manendum.</span> <span class='ocrx_word' id='word_1_143' title='bbox 583 1242 604 1279; x_wconf 87' lang='lat' dir='ltr'>Et</span> <span class='ocrx_word' id='word_1_144' title='bbox 620 1242 657 1279; x_wconf 88' lang='lat' dir='ltr'>hoc</span> <span class='ocrx_word' id='word_1_145' title='bbox 670 1240 722 1278; x_wconf 92' lang='lat' dir='ltr'>idem</span> 
     </span>
     <span class='ocr_line' id='line_1_18' title="bbox 0 1310 722 1363; baseline -0.003 -13"><span class='ocrx_word' id='word_1_146' title='bbox 0 1314 1 1340; x_wconf 74' lang='grc' dir='ltr'>ἱ</span> <span class='ocrx_word' id='word_1_147' title='bbox 50 1311 108 1350; x_wconf 90' lang='lat' dir='ltr'>sociis</span> <span class='ocrx_word' id='word_1_148' title='bbox 122 1312 163 1350; x_wconf 93' lang='lat' dir='ltr'>suis</span> <span class='ocrx_word' id='word_1_149' title='bbox 175 1312 225 1362; x_wconf 81' lang='lat' dir='ltr'>(Fol.</span> <span class='ocrx_word' id='word_1_150' title='bbox 242 1323 266 1363; x_wconf 71' lang='lat'>23</span> <span class='ocrx_word' id='word_1_151' title='bbox 283 1310 305 1362; x_wconf 86' lang='lat' dir='ltr'>b)</span> <span class='ocrx_word' id='word_1_152' title='bbox 323 1311 397 1350; x_wconf 84' lang='lat' dir='ltr'>sicum</span> <span class='ocrx_word' id='word_1_153' title='bbox 410 1311 469 1360; x_wconf 89' lang='lat' dir='ltr'>priori</span> <span class='ocrx_word' id='word_1_154' title='bbox 487 1310 573 1360; x_wconf 88' lang='lat' dir='ltr'>generali</span> <span class='ocrx_word' id='word_1_155' title='bbox 586 1310 722 1349; x_wconf 79' lang='lat' dir='ltr'>remanserint.</span> 
     </span>
     <span class='ocr_line' id='line_1_19' title="bbox 49 1380 726 1430; baseline -0.001 -11"><span class='ocrx_word' id='word_1_156' title='bbox 49 1381 68 1419; x_wconf 88' lang='lat' dir='ltr'>Si</span> <span class='ocrx_word' id='word_1_157' title='bbox 83 1385 150 1419; x_wconf 88' lang='lat' dir='ltr'>autem</span> <span class='ocrx_word' id='word_1_158' title='bbox 160 1380 219 1430; x_wconf 74' lang='lat' dir='ltr'>vprior</span> <span class='ocrx_word' id='word_1_159' title='bbox 230 1381 328 1429; x_wconf 82' lang='lat' dir='ltr'>generalis</span> <span class='ocrx_word' id='word_1_160' title='bbox 346 1381 404 1419; x_wconf 88' lang='lat' dir='ltr'>debet</span> <span class='ocrx_word' id='word_1_161' title='bbox 415 1381 492 1419; x_wconf 88' lang='lat' dir='ltr'>absolvi</span> <span class='ocrx_word' id='word_1_162' title='bbox 504 1381 521 1419; x_wconf 88' lang='lat' dir='ltr'>ei</span> <span class='ocrx_word' id='word_1_163' title='bbox 536 1392 571 1430; x_wconf 90' lang='lat' dir='ltr'>pro</span> <span class='ocrx_word' id='word_1_164' title='bbox 588 1381 651 1430; x_wconf 89' lang='lat' dir='ltr'>culpis</span> <span class='ocrx_word' id='word_1_165' title='bbox 661 1380 726 1430; x_wconf 85' lang='lat' dir='ltr'>poeui-</span> 
     </span>
     <span class='ocr_line' id='line_1_20' title="bbox 49 1450 726 1500; baseline 0 -12"><span class='ocrx_word' id='word_1_166' title='bbox 49 1451 108 1489; x_wconf 83' lang='lat' dir='ltr'>tentia</span> <span class='ocrx_word' id='word_1_167' title='bbox 120 1450 241 1500; x_wconf 87' lang='lat' dir='ltr'>injungatur.</span> <span class='ocrx_word' id='word_1_168' title='bbox 256 1451 293 1500; x_wconf 93' lang='lat' dir='ltr'>lpsi</span> <span class='ocrx_word' id='word_1_169' title='bbox 312 1462 393 1500; x_wconf 85' lang='lat' dir='ltr'>quoque</span> <span class='ocrx_word' id='word_1_170' title='bbox 410 1451 527 1489; x_wconf 86' lang='lat' dir='ltr'>diffinitores</span> <span class='ocrx_word' id='word_1_171' title='bbox 551 1462 611 1499; x_wconf 91' lang='lat' dir='ltr'>super</span> <span class='ocrx_word' id='word_1_172' title='bbox 632 1461 726 1489; x_wconf 92' lang='lat' dir='ltr'>excessus</span> 
     </span>
     <span class='ocr_line' id='line_1_21' title="bbox 50 1520 726 1570; baseline 0 -12"><span class='ocrx_word' id='word_1_173' title='bbox 50 1520 119 1569; x_wconf 87' lang='lat' dir='ltr'>prioris</span> <span class='ocrx_word' id='word_1_174' title='bbox 129 1521 227 1570; x_wconf 88' lang='lat' dir='ltr'>generalis</span> <span class='ocrx_word' id='word_1_175' title='bbox 239 1521 263 1559; x_wconf 92' lang='lat' dir='ltr'>de</span> <span class='ocrx_word' id='word_1_176' title='bbox 286 1532 309 1558; x_wconf 88' lang='lat' dir='ltr'>eo</span> <span class='ocrx_word' id='word_1_177' title='bbox 332 1520 449 1570; x_wconf 87' lang='lat' dir='ltr'>corrigendo</span> <span class='ocrx_word' id='word_1_178' title='bbox 467 1521 497 1559; x_wconf 91' lang='lat' dir='ltr'>vel</span> <span class='ocrx_word' id='word_1_179' title='bbox 519 1521 598 1570; x_wconf 89' lang='lat' dir='ltr'>penitus</span> <span class='ocrx_word' id='word_1_180' title='bbox 613 1521 726 1559; x_wconf 88' lang='lat' dir='ltr'>amovendo</span> 
     </span>
     <span class='ocr_line' id='line_1_22' title="bbox 49 1590 726 1639; baseline 0 -12"><span class='ocrx_word' id='word_1_181' title='bbox 49 1591 127 1639; x_wconf 85' lang='lat' dir='ltr'>plenam</span> <span class='ocrx_word' id='word_1_182' title='bbox 140 1591 225 1628; x_wconf 82' lang='lat' dir='ltr'>habeant</span> <span class='ocrx_word' id='word_1_183' title='bbox 234 1594 352 1639; x_wconf 87' lang='lat' dir='ltr'>potestatem</span> <span class='ocrx_word' id='word_1_184' title='bbox 365 1595 384 1628; x_wconf 91' lang='lat' dir='ltr'>et</span> <span class='ocrx_word' id='word_1_185' title='bbox 395 1601 465 1629; x_wconf 91' lang='lat' dir='ltr'>eorum</span> <span class='ocrx_word' id='word_1_186' title='bbox 478 1591 576 1628; x_wconf 88' lang='lat' dir='ltr'>sententia</span> <span class='ocrx_word' id='word_1_187' title='bbox 588 1590 726 1628; x_wconf 85' lang='lat' dir='ltr'>inviolabiliter</span> 
     </span>
     <span class='ocr_line' id='line_1_23' title="bbox 49 1659 726 1708; baseline 0 -11"><span class='ocrx_word' id='word_1_188' title='bbox 49 1659 73 1697; x_wconf 82' lang='lat' dir='ltr'>ab</span> <span class='ocrx_word' id='word_1_189' title='bbox 87 1659 181 1698; x_wconf 89' lang='lat' dir='ltr'>omnibus</span> <span class='ocrx_word' id='word_1_190' title='bbox 192 1660 315 1698; x_wconf 88' lang='lat' dir='ltr'>observetur.</span> <span class='ocrx_word' id='word_1_191' title='bbox 328 1660 354 1697; x_wconf 86' lang='lat' dir='ltr'>lta</span> <span class='ocrx_word' id='word_1_192' title='bbox 366 1660 421 1708; x_wconf 89' lang='lat' dir='ltr'>quod</span> <span class='ocrx_word' id='word_1_193' title='bbox 435 1660 509 1697; x_wconf 89' lang='lat' dir='ltr'>nemlni</span> <span class='ocrx_word' id='word_1_194' title='bbox 522 1660 546 1697; x_wconf 88' lang='lat' dir='ltr'>ab</span> <span class='ocrx_word' id='word_1_195' title='bbox 564 1671 632 1698; x_wconf 89' lang='lat' dir='ltr'>eorum</span> <span class='ocrx_word' id='word_1_196' title='bbox 646 1664 726 1697; x_wconf 91' lang='lat' dir='ltr'>senten-</span> 
     </span>
     <span class='ocr_line' id='line_1_24' title="bbox 49 1728 726 1778; baseline 0 -12"><span class='ocrx_word' id='word_1_197' title='bbox 49 1728 75 1766; x_wconf 88' lang='lat' dir='ltr'>tia</span> <span class='ocrx_word' id='word_1_198' title='bbox 90 1728 145 1766; x_wconf 88' lang='lat' dir='ltr'>liceat</span> <span class='ocrx_word' id='word_1_199' title='bbox 161 1730 258 1778; x_wconf 86' lang='lat' dir='ltr'>appellare</span> <span class='ocrx_word' id='word_1_200' title='bbox 275 1734 294 1766; x_wconf 89' lang='lat' dir='ltr'>et</span> <span class='ocrx_word' id='word_1_201' title='bbox 314 1729 330 1767; x_wconf 88' lang='lat' dir='ltr'>si</span> <span class='ocrx_word' id='word_1_202' title='bbox 347 1730 468 1778; x_wconf 85' lang='lat' dir='ltr'>appellatum</span> <span class='ocrx_word' id='word_1_203' title='bbox 485 1729 543 1766; x_wconf 80' lang='lat' dir='ltr'>fuerit</span> <span class='ocrx_word' id='word_1_204' title='bbox 563 1729 605 1778; x_wconf 89' lang='lat' dir='ltr'>ipsa</span> <span class='ocrx_word' id='word_1_205' title='bbox 622 1729 726 1778; x_wconf 87' lang='lat' dir='ltr'>appellatio</span> 
     </span>
     <span class='ocr_line' id='line_1_25' title="bbox 49 1797 727 1848; baseline 0 -12"><span class='ocrx_word' id='word_1_206' title='bbox 49 1797 117 1837; x_wconf 82' lang='lat' dir='ltr'>frivola</span> <span class='ocrx_word' id='word_1_207' title='bbox 126 1804 145 1837; x_wconf 90' lang='lat' dir='ltr'>et</span> <span class='ocrx_word' id='word_1_208' title='bbox 157 1799 210 1836; x_wconf 89' lang='lat' dir='ltr'>nulla</span> <span class='ocrx_word' id='word_1_209' title='bbox 221 1799 322 1836; x_wconf 88' lang='lat' dir='ltr'>habeatur.</span> <span class='ocrx_word' id='word_1_210' title='bbox 338 1798 496 1848; x_wconf 85' lang='lat' dir='ltr'>Appellationem</span> <span class='ocrx_word' id='word_1_211' title='bbox 507 1798 559 1836; x_wconf 89' lang='lat' dir='ltr'>enim</span> <span class='ocrx_word' id='word_1_212' title='bbox 583 1811 593 1836; x_wconf 90' lang='lat' dir='ltr'>a</span> <span class='ocrx_word' id='word_1_213' title='bbox 605 1799 727 1836; x_wconf 79' lang='lat' dir='ltr'>correctione</span> 
     </span>
     <span class='ocr_line' id='line_1_26' title="bbox 50 1867 727 1917; baseline 0 -13"><span class='ocrx_word' id='word_1_214' title='bbox 50 1867 132 1916; x_wconf 88' lang='lat' dir='ltr'>regulari</span> <span class='ocrx_word' id='word_1_215' title='bbox 144 1867 164 1905; x_wconf 94' lang='lat' dir='ltr'>in</span> <span class='ocrx_word' id='word_1_216' title='bbox 177 1872 244 1906; x_wconf 90' lang='lat' dir='ltr'>nostra</span> <span class='ocrx_word' id='word_1_217' title='bbox 262 1867 357 1917; x_wconf 81' lang='lat' dir='ltr'>religione</span> <span class='ocrx_word' id='word_1_218' title='bbox 369 1867 388 1905; x_wconf 91' lang='lat' dir='ltr'>in</span> <span class='ocrx_word' id='word_1_219' title='bbox 404 1867 477 1906; x_wconf 86' lang='lat' dir='ltr'>virtute</span> <span class='ocrx_word' id='word_1_220' title='bbox 488 1872 561 1905; x_wconf 82' lang='lat' dir='ltr'>sanctae</span> <span class='ocrx_word' id='word_1_221' title='bbox 579 1868 697 1906; x_wconf 83' lang='lat' dir='ltr'>obedientiae</span> <span class='ocrx_word' id='word_1_222' title='bbox 708 1873 727 1905; x_wconf 90' lang='lat' dir='ltr'>et</span> 
     </span>
     <span class='ocr_line' id='line_1_27' title="bbox 50 1937 727 1986; baseline 0.001 -12"><span class='ocrx_word' id='word_1_223' title='bbox 50 1937 87 1974; x_wconf 92' lang='lat' dir='ltr'>sub</span> <span class='ocrx_word' id='word_1_224' title='bbox 99 1947 158 1985; x_wconf 89' lang='lat' dir='ltr'>poenn</span> <span class='ocrx_word' id='word_1_225' title='bbox 170 1937 381 1974; x_wconf 84' lang='lat' dir='ltr'>excommunicationis</span> <span class='ocrx_word' id='word_1_226' title='bbox 393 1937 472 1986; x_wconf 87' lang='lat' dir='ltr'>penitus</span> <span class='ocrx_word' id='word_1_227' title='bbox 489 1937 611 1980; x_wconf 83' lang='lat' dir='ltr'>inhibemus,</span> <span class='ocrx_word' id='word_1_228' title='bbox 625 1949 671 1975; x_wconf 89' lang='lat' dir='ltr'>cum</span> <span class='ocrx_word' id='word_1_229' title='bbox 686 1948 727 1975; x_wconf 91' lang='lat' dir='ltr'>non</span> 
     </span>
     <span class='ocr_line' id='line_1_28' title="bbox 49 2006 727 2056; baseline 0.003 -13"><span class='ocrx_word' id='word_1_230' title='bbox 49 2006 164 2044; x_wconf 90' lang='lat' dir='ltr'>venerimus</span> <span class='ocrx_word' id='word_1_231' title='bbox 172 2006 291 2044; x_wconf 90' lang='lat' dir='ltr'>contendere</span> <span class='ocrx_word' id='word_1_232' title='bbox 300 2007 335 2044; x_wconf 89' lang='lat' dir='ltr'>sed</span> <span class='ocrx_word' id='word_1_233' title='bbox 344 2006 412 2044; x_wconf 87' lang='lat' dir='ltr'>delicta</span> <span class='ocrx_word' id='word_1_234' title='bbox 424 2006 520 2055; x_wconf 84' lang='lat' dir='ltr'>corrigere</span> <span class='ocrx_word' id='word_1_235' title='bbox 532 2007 642 2056; x_wconf 88' lang='lat' dir='ltr'>etprop&#39;riae</span> <span class='ocrx_word' id='word_1_236' title='bbox 654 2018 727 2045; x_wconf 89' lang='lat' dir='ltr'>renun-</span> 
     </span>
     <span class='ocr_line' id='line_1_29' title="bbox 49 2075 726 2122; baseline 0.001 -9"><span class='ocrx_word' id='word_1_237' title='bbox 49 2075 97 2113; x_wconf 88' lang='lat' dir='ltr'>tiare</span> <span class='ocrx_word' id='word_1_238' title='bbox 111 2076 214 2114; x_wconf 89' lang='lat' dir='ltr'>voluntati.</span> <span class='ocrx_word' id='word_1_239' title='bbox 226 2076 265 2122; x_wconf 77' lang='lat' dir='ltr'>Qui</span> <span class='ocrx_word' id='word_1_240' title='bbox 283 2081 349 2113; x_wconf 89' lang='lat' dir='ltr'>autem</span> <span class='ocrx_word' id='word_1_241' title='bbox 370 2076 490 2114; x_wconf 86' lang='lat' dir='ltr'>contrarium</span> <span class='ocrx_word' id='word_1_242' title='bbox 508 2077 575 2114; x_wconf 81' lang='lat' dir='ltr'>fecerit</span> <span class='ocrx_word' id='word_1_243' title='bbox 595 2076 619 2113; x_wconf 89' lang='lat' dir='ltr'>ab</span> <span class='ocrx_word' id='word_1_244' title='bbox 631 2077 726 2115; x_wconf 90' lang='lat' dir='ltr'>omnibus</span> 
     </span>
     <span class='ocr_line' id='line_1_30' title="bbox 49 2136 726 2194; baseline 0.003 -12"><span class='ocrx_word' id='word_1_245' title='bbox 49 2145 125 2183; x_wconf 90' lang='lat' dir='ltr'>actibus</span> <span class='ocrx_word' id='word_1_246' title='bbox 134 2144 228 2193; x_wconf 86' lang='lat' dir='ltr'>legitimis</span> <span class='ocrx_word' id='word_1_247' title='bbox 241 2136 316 2183; x_wconf 83' lang='lat' dir='ltr'>ordinis</span> <span class='ocrx_word' id='word_1_248' title='bbox 332 2145 376 2194; x_wconf 86' lang='lat' dir='ltr'>ipso</span> <span class='ocrx_word' id='word_1_249' title='bbox 385 2146 436 2183; x_wconf 85' lang='lat' dir='ltr'>iacto</span> <span class='ocrx_word' id='word_1_250' title='bbox 447 2150 542 2194; x_wconf 89' lang='lat' dir='ltr'>perpetuo</span> <span class='ocrx_word' id='word_1_251' title='bbox 555 2145 581 2184; x_wconf 94' lang='lat' dir='ltr'>sit</span> <span class='ocrx_word' id='word_1_252' title='bbox 593 2147 693 2190; x_wconf 70' lang='lat' dir='ltr'>exclusus</span> <span class='ocrx_word' id='word_1_253' title='bbox 707 2151 726 2184; x_wconf 88' lang='lat' dir='ltr'>et</span> 
     </span>
     <span class='ocr_line' id='line_1_31' title="bbox 50 2214 726 2264; baseline 0.003 -13"><span class='ocrx_word' id='word_1_254' title='bbox 50 2214 154 2252; x_wconf 82' lang='lat' dir='ltr'>confestim</span> <span class='ocrx_word' id='word_1_255' title='bbox 171 2226 205 2264; x_wconf 92' lang='lat' dir='ltr'>per</span> <span class='ocrx_word' id='word_1_256' title='bbox 217 2215 340 2264; x_wconf 86' lang='lat' dir='ltr'>superiorem</span> <span class='ocrx_word' id='word_1_257' title='bbox 354 2226 413 2253; x_wconf 91' lang='lat' dir='ltr'>suum</span> <span class='ocrx_word' id='word_1_258' title='bbox 425 2215 495 2253; x_wconf 85' lang='lat' dir='ltr'>carceri</span> <span class='ocrx_word' id='word_1_259' title='bbox 517 2215 560 2253; x_wconf 89' lang='lat' dir='ltr'>sine</span> <span class='ocrx_word' id='word_1_260' title='bbox 571 2215 726 2253; x_wconf 84' lang='lat' dir='ltr'>contradictione</span> 
     </span>
     <span class='ocr_line' id='line_1_32' title="bbox 49 2282 726 2334; baseline 0.004 -14"><span class='ocrx_word' id='word_1_261' title='bbox 49 2282 114 2332; x_wconf 88' lang='lat' dir='ltr'>aliqua</span> <span class='ocrx_word' id='word_1_262' title='bbox 126 2283 249 2332; x_wconf 88' lang='lat' dir='ltr'>mancipetur</span> <span class='ocrx_word' id='word_1_263' title='bbox 261 2284 281 2321; x_wconf 90' lang='lat' dir='ltr'>in</span> <span class='ocrx_word' id='word_1_264' title='bbox 298 2284 368 2322; x_wconf 89' lang='lat' dir='ltr'>eodem</span> <span class='ocrx_word' id='word_1_265' title='bbox 382 2295 488 2322; x_wconf 89' lang='lat' dir='ltr'>mansurus</span> <span class='ocrx_word' id='word_1_266' title='bbox 501 2296 608 2333; x_wconf 89' lang='lat' dir='ltr'>quousque</span> <span class='ocrx_word' id='word_1_267' title='bbox 620 2296 654 2334; x_wconf 91' lang='lat' dir='ltr'>per</span> <span class='ocrx_word' id='word_1_268' title='bbox 666 2296 726 2334; x_wconf 87' lang='lat' dir='ltr'>gene-</span> 
     </span>
     <span class='ocr_line' id='line_1_33' title="bbox 49 2353 727 2403; baseline 0.003 -14"><span class='ocrx_word' id='word_1_269' title='bbox 49 2353 88 2389; x_wconf 88' lang='lat' dir='ltr'>rale</span> <span class='ocrx_word' id='word_1_270' title='bbox 100 2353 208 2402; x_wconf 91' lang='lat' dir='ltr'>capitulum</span> <span class='ocrx_word' id='word_1_271' title='bbox 221 2364 267 2391; x_wconf 91' lang='lat' dir='ltr'>curn</span> <span class='ocrx_word' id='word_1_272' title='bbox 279 2365 302 2391; x_wconf 92' lang='lat' dir='ltr'>eo</span> <span class='ocrx_word' id='word_1_273' title='bbox 317 2359 362 2403; x_wconf 89' lang='lat' dir='ltr'>post</span> <span class='ocrx_word' id='word_1_274' title='bbox 373 2358 414 2392; x_wconf 90' lang='lat' dir='ltr'>tres</span> <span class='ocrx_word' id='word_1_275' title='bbox 425 2365 489 2392; x_wconf 87' lang='lat' dir='ltr'>annos</span> <span class='ocrx_word' id='word_1_276' title='bbox 505 2354 563 2392; x_wconf 83' lang='lat' dir='ltr'>fuerit</span> <span class='ocrx_word' id='word_1_277' title='bbox 576 2354 727 2392; x_wconf 87' lang='lat' dir='ltr'>misericorditer</span> 
     </span>
     <span class='ocr_line' id='line_1_34' title="bbox 49 2421 727 2477; baseline 0.006 -18"><span class='ocrx_word' id='word_1_278' title='bbox 49 2421 194 2474; x_wconf 86' lang='lat' dir='ltr'>dispensatum.</span> <span class='ocrx_word' id='word_1_279' title='bbox 210 2422 295 2464; x_wconf 87' lang='lat' dir='ltr'>[demde</span> <span class='ocrx_word' id='word_1_280' title='bbox 307 2423 337 2461; x_wconf 90' lang='lat' dir='ltr'>bis</span> <span class='ocrx_word' id='word_1_281' title='bbox 350 2423 384 2477; x_wconf 88' lang='lat' dir='ltr'>qul</span> <span class='ocrx_word' id='word_1_282' title='bbox 396 2423 542 2477; x_wconf 83' lang='lat' dir='ltr'>appellantibus</span> <span class='ocrx_word' id='word_1_283' title='bbox 555 2423 685 2465; x_wconf 87' lang='lat' dir='ltr'>consentiunt</span> <span class='ocrx_word' id='word_1_284' title='bbox 697 2424 727 2464; x_wconf 86' lang='lat' dir='ltr'>vel</span> 
     </span>
    </p>
   </div>
   <div class='ocr_carea' id='block_1_4' title="bbox 0 0 820 2703">
    <p class='ocr_par' dir='ltr' id='par_1_5' title="bbox 0 0 820 2703">
     <span class='ocr_line' id='line_1_35' title="bbox 0 0 820 2703; baseline 0 0"><span class='ocrx_word' id='word_1_285' title='bbox 0 0 820 2703; x_wconf 95' lang='lat' dir='ltr'> </span> 
     </span>
    </p>
   </div>
  </div>
 </body>
</html>
