1631 2703
77 94 117 143 ¹1⁴22
346 97 395 130 ᾹΕΤᾹ
410 101 470 130 CAPIT.
500 99 502 103 ”
536 99 538 102 ’
566 141 568 144 ⁴

80 174 120 212 sint
131 178 176 212 ocio
188 170 252 212 studia
261 175 358 224 generalla
368 180 451 225 ponatur
463 175 487 214 Xl
496 175 579 214 seilicet:
589 175 687 225 Papisius,
697 174 749 213 Tho-

81 244 135 287 losae,
148 243 248 287 Bononiae,
262 244 370 288 Florentiae,
383 244 402 281 ln
414 245 481 282 lionae
495 244 608 288 Pessulano,
619 243 716 286 Coloniae,
729 242 749 279 in

40 348 42 356 ᾖ
79 312 151 359 Anglia
163 311 275 355 [ondoniis
291 313 311 350 in
321 318 420 350 conventu
431 314 524 351 Romanae
535 312 606 357 Curiae,
620 311 746 354 Barchinone,

79 379 167 428 Neapoli,
179 380 289 419 Mediolani.
300 376 346 418 ilem
358 381 406 418 inira
417 381 449 419 ubi
459 380 529 419 dieiiur
539 381 592 428 quod
603 381 695 428 quaelibet
704 391 749 428 pro-

39 488 48 495 γ,
78 448 141 485 vincia
150 449 213 496 possit
222 449 298 486 mittere
307 450 358 487 duos
371 449 474 487 studentes
482 449 576 486 addatur:
587 454 656 497 praerer
664 448 687 485 ad
696 448 748 485 Tho-

80 516 150 559 losam,
164 516 188 553 ad
199 517 287 554 nomem
299 518 428 555 Pessulanunr
443 522 462 554 et
476 518 500 554 ad
511 517 589 555 Curiam
601 518 710 556 Romanam
723 516 747 552 ad

38 618 46 626 .,
80 595 125 632 quae
139 585 203 623 studia
217 586 308 633 quaelibet
325 586 423 633 provincia
440 587 505 624 solnm
522 596 593 629 unum,
606 590 626 622 et
637 584 690 632 quod
708 595 748 621 non

34 687 36 690 .
62 701 65 706 Ι
81 651 184 695 mittantur
193 654 231 690 nisi
241 653 360 695 sufficienter
368 653 442 691 fuerim
452 653 471 690 in
483 653 600 702 logicalibus
609 652 707 690 instructi.

105 721 151 758 item
163 721 245 759 Rubriea
259 721 307 759 XVll
322 722 354 758 ubi
370 722 450 759 dieitur:
463 720 624 772 (meandrmatas
635 723 696 758 antem
709 727 746 758 etc.

79 788 99 825 in
109 788 148 826 fine
159 790 251 826 clausulae
259 789 341 826 addatur
351 801 355 826 :
367 789 420 837 quod
432 789 484 837 prior
493 777 592 837 generalis
601 800 646 826 eum
659 788 749 836 capitulis

80 857 233 905 provincialibus
250 868 316 894 earum
332 857 480 905 provinciarum:
498 868 529 894 eas
553 857 630 893 reunire
649 857 712 905 possit
730 860 750 893 et

80 925 175 972 quasdam
185 925 209 961 de
221 936 319 962 consensu
329 932 347 962 ei
358 926 459 962 volunlaie
476 925 554 973 capituli
567 924 689 972 provincialis
702 925 750 962 divi-

79 989 132 1030 dere
183 1020 186 1023 -
205 1019 207 1022 -
293 1020 296 1023 -

106 1062 152 1098 Item
164 1061 225 1098 Rubr.
236 1061 290 1099 XXlll
302 1061 336 1100 ubi
345 1061 414 1099 dieilur
423 1073 427 1099 :
437 1061 468 1112 (2)
477 1062 580 1100 inhibemus
592 1066 628 1099 ete.
638 1062 657 1098 in
668 1061 706 1098 fine
715 1061 749 1098 ad-

80 1130 136 1166 datur
146 1139 151 1165 ¹.
163 1129 210 1166 liem
220 1127 325 1167 slaiuimus
337 1130 390 1177 quod
400 1128 473 1178 priores
485 1130 612 1178 provinciales
622 1128 683 1166 nostri
696 1129 748 1166 ordi-

27 1232 28 1237 ,
38 1234 40 1242 ,
79 1197 109 1235 nis
121 1207 161 1234 non
173 1201 264 1234 maneant
274 1196 310 1234 nisi
321 1208 354 1245 per
364 1196 468 1234 triennium
480 1197 552 1234 scilieet
561 1198 585 1234 de
594 1197 679 1245 capitulo
688 1208 749 1246 gene-

43 1306 44 1314 *
80 1265 113 1301 rali
127 1264 150 1301 ad
166 1265 402 1312 capitulum'proximum
423 1266 522 1316 generale„
541 1265 561 1303 ln
576 1265 644 1302 eadem
665 1265 749 1302 Rubriea

79 1332 129 1370 inira
144 1333 174 1382 (3)
191 1332 224 1370 ubi
241 1332 310 1377 dicitur
325 1333 378 1381 quod
390 1330 490 1381 'generaris
501 1333 660 1375 ,absolutusere
676 1332 695 1370 in
710 1332 748 1370 fine

79 1400 173 1438 addatur:
185 1400 237 1448 prior
245 1401 341 1449 generalis
350 1401 452 1449 resignans
462 1401 487 1438 sil
495 1401 589 1442 diffinitor
598 1401 676 1448 capituli
689 1412 749 1449 gene-

36 1516 37 1520 *
80 1469 154 1505 ralis-er
166 1468 243 1516 capituli
256 1463 379 1517 provincialis
391 1466 433 1506 s'uae
445 1467 549 1517 provinciae
559 1469 575 1506 si
588 1479 674 1516 praesens
683 1469 747 1506 suerit.

78 1537 238 1574 liemineadem
254 1536 286 1574 ubi
304 1537 387 1574 dieitur:
396 1538 470 1584 priores
484 1537 610 1583 provinciales
626 1535 657 1586 (a)
676 1536 695 1573 in
710 1537 748 1574 fine

80 1610 175 1653 ponatur:
191 1605 372 1648 ltemmandarnus
386 1606 480 1643 omnibus
495 1604 646 1654 provincialibus
661 1609 682 1642 ut
696 1604 747 1654 apud

80 1684 137 1722 reges
151 1678 171 1710 ei
182 1661 279 1721 principes
294 1684 374 1711 suarum
393 1662 536 1721 provinciarum
555 1672 694 1710 eleemosinam
713 1684 748 1721 pro

49 1788 57 1796 ἢ,
81 1734 165 1789 ‘capitulo
173 1741 258 1789 generali
268 1747 375 1789 procurent
383 1746 402 1778 et
414 1752 480 1778 secum
491 1753 533 1778 eam
543 1728 629 1778 deferant
641 1741 678 1778 sub
691 1751 749 1788 poena

16 1809 34 1861 ’ἶ7
75 1793 210 1857 'depositionis
219 1809 242 1845 ab
250 1808 322 1846 officio.
331 1843 333 1845 .

39 1869 41 1880 ¹
76 1862 85 1921 ¹,
107 1868 154 1914 liem
167 1867 186 1914 in
198 1876 282 1914 Rubriea
297 1877 355 1914 >lxlv
369 1876 402 1914 ubi
412 1876 526 1925 dieilur(5):
541 1877 590 1914 Cam
604 1879 666 1914 aretem
680 1876 750 1925 difflui-

82 1947 130 1982 tores
138 1949 174 1981 etc.
185 1944 268 1983 addatur
277 1945 330 1992 quod
340 1945 393 1994 prior
402 1944 525 1993 provincialis
532 1949 602 1992 sponte
611 1948 629 1981 et
639 1944 748 1982 voluntarie

81 2012 184 2061 resignans
201 2013 233 2050 vel
249 2012 282 2060 qui
297 2013 321 2049 ad
338 2013 368 2051 sui
386 2013 498 2050 insumam
514 2013 587 2060 absque
600 2011 662 2061 culpis
677 2017 695 2048 et
708 2012 749 2050 suis

103 2124 125 2167 lii
138 2134 168 2157 no.
179 2135 195 2156 a.

103 2183 125 2225 (a)
138 2192 168 2215 no.
181 2193 206 2224 14.

65 2272 68 2274 ,
103 2239 124 2282 (3l
138 2250 167 2272 no.
178 2240 206 2272 25.

102 2297 124 2340 [4)
137 2307 168 2330 110.
179 2296 205 2330 31.

103 2356 125 2397 (Sl
138 2365 168 2388 no.
182 2366 207 2387 11.
