1616 2703
278 104 301 131 ue
313 102 380 132 moure
392 102 481 132 ernusto
679 105 718 144 ²79

41 180 122 231 triginta
130 183 170 218 tres
179 183 241 217 annos
253 179 383 227 gubernasse
392 179 451 224 Qtod
463 182 529 217 autem
541 179 610 217 baleus
621 178 719 218 dicitBro·

1 269 8 305 χ
42 250 121 289 cardum
131 260 165 298 per
177 249 281 287 Albertum
297 248 316 286 in
327 252 441 287 sanctorum
451 259 548 286 canonem
561 249 644 287 relatum
656 249 718 287 tuisse

41 322 159 370 figmentum
172 323 208 363 est,
222 322 265 357 tum
275 318 321 367 quia
334 319 404 356 suisset
415 318 465 356 ultra
477 318 529 356 vires
541 317 660 367 patriarchae,
674 323 717 357 turn

42 390 86 439 quia
95 388 204 427 Brocardu‘s
213 387 294 427 eilberto
304 392 404 437 superstes
415 388 516 426 remansit.
533 387 592 432 Quod
608 393 674 425 autem
690 388 717 426 ait

41 458 132 498 Nicolaus
143 457 230 496 Simonis
244 457 377 495 Harlemensis
389 456 508 495 Brocardum
518 455 664 506 archiepiscopo
676 457 719 500 Cte-

42 527 122 567 sariensi
132 530 155 565 er
163 526 258 576 magistro
269 526 426 576 Templariorum
443 539 454 564 a
468 525 556 564 consiliis
581 526 649 571 tuisse,
671 537 717 568 cum

41 597 101 648 gratis
113 595 221 635 affirmetur
228 596 289 646 gratis
300 600 390 646 negatur.
403 596 473 635 Baleus
493 596 544 634 inter
556 607 616 645 opera
627 596 717 635 brocardi

41 670 143 706 enumerat
149 670 246 705 statutum
255 665 350 713 Quoniam
360 668 480 713 expraecepto
487 666 511 704 de
518 677 558 714 quo
567 664 716 716 supraegi(i);

41 736 142 785 Cononem
157 735 188 773 sui
199 734 279 773 Ordinis
291 734 400 782 Multiforr'e
410 734 512 784 mediisque
521 734 582 773 modis
590 734 612 783 (i.
623 747 641 774 e.
652 734 716 784 ipsam

41 805 129 855 regulam
142 816 187 854 quae
195 809 263 842 tamen
276 803 349 842 Alberti
363 815 414 858 opus
426 803 465 854 est)
479 815 483 842 :
496 815 519 842 ac
528 804 685 842 exhortationem
693 804 717 843 ad

40 875 108 912 tratres
126 874 198 911 lectum
219 873 334 912 moribundi
350 873 507 918 circumstantes,
529 884 574 922 quoe
597 872 666 922 incipit
685 873 717 914 Fi-

40 943 82 981 lioli
91 943 129 981 mei
136 943 212 981 vocavit
221 954 256 980 nos
265 943 316 980 Dens
328 947 347 980 et
358 942 441 981 habetur
448 942 468 980 in
475 943 559 991 legenda
568 942 665 981 breviarii.
677 942 716 981 Alii

40 1012 121 1061 insuper
132 1011 228 1049 Brocardo
237 1011 348 1050 attribuunt
359 1011 468 1060 capitulum
482 1012 531 1050 Cum
542 1011 619 1061 quidam
632 1013 714 1062 fratres,

40 1080 93 1129 quod
101 1091 160 1129 supra
168 1079 302 1118 demonstravi
311 1084 357 1129 post
364 1080 406 1129 eius
413 1084 501 1129 tempus,
510 1091 581 1129 nempe
589 1085 634 1129 post
639 1091 715 1119 annum

43 1160 91 1198 1247
104 1153 123 1187 et
130 1154 175 1188 ante
184 1160 260 1188 annum
275 1159 325 1198 1274
335 1149 470 1198 compositum
482 1148 563 1199 fuisse(
577 1148 593 1201 ).

65 1220 146 1258 Cultum
158 1220 177 1258 S.
191 1218 286 1257 brocardo
297 1218 419 1256 reddendum
432 1230 475 1257 esse
487 1218 551 1268 primo
571 1218 674 1258 constituit
685 1230 715 1257 cn-

40 1288 128 1336 pitulum
139 1288 228 1337 generale
240 1288 285 1325 anni
298 1299 303 1325 t
310 1285 354 1336 564,
368 1292 387 1325 et
398 1288 418 1326 S.
431 1287 514 1326 Rituum
524 1288 716 1337 Congregatloanno

43 1355 221 1406 1628approbavit.

66 1585 116 1623 Cum
134 1584 153 1623 in
166 1575 233 1634 regula
250 1597 284 1634 per
294 1586 398 1624 Albesium
413 1587 450 1623 lata
466 1597 491 1623 ne
509 1572 615 1624 verbulum
633 1586 715 1635 quidem

40 1654 151 1693 inveniatur
163 1654 187 1692 de
198 1655 296 1704 gubernio
308 1655 391 1693 aliorum
405 1661 476 1704 praeter
486 1655 560 1693 Montis
572 1655 656 1694 Carmeli
668 1667 717 1694 con-

40 1728 143 1768 ventuum,
161 1728 180 1761 et
198 1735 244 1761 cum
265 1723 360 1761 Sanvicus
377 1729 422 1761 ante
441 1724 545 1762 Albertum
569 1723 621 1762 illius
636 1729 715 1763 tantum

40 1797 161 1831 memoretur
172 1798 284 1831 conventus
294 1805 354 1841 quem
367 1793 483 1843 Aymericus
497 1794 579 1831 retertur
588 1794 684 1832 fundasse
695 1793 716 1832 in

39 1861 133 1900 Montana
150 1861 209 1911 Nigra
221 1873 282 1911 prope
294 1862 419 1900 Antiochiam
432 1850 527 1912 (Episto'lo
539 1862 606 1912 Cyrilli
618 1863 677 1901 etiam
692 1863 717 1901 de

40 1930 77 1968 boc
91 1932 183 1979 tacente),
200 1931 290 1980 sequitur
301 1936 347 1969 ante
358 1943 433 1969 annum
454 1942 552 1980 1210quo
564 1932 632 1981 regula
644 1917 717 1982 scripta

39 1999 200 2057 tuissecreditur‚
212 2001 289 2039 nullum
299 2001 359 2038 alium
369 2006 493 2039 conventum
502 2001 597 2039 extitisse.
610 2012 622 2038 <r
631 2002 658 2039 Ex
669 2006 717 2041 tunc

39 2070 85 2106 vero
94 2070 176 2118 juvante
188 2069 322 2108 munificentia
334 2069 421 2107 virorum
435 2070 532 2108 nobilium
548 2075 566 2107 et
579 2070 670 2119 largitate
682 2071 718 2108 ho-

39 2137 117 2176 minum
129 2129 216 2177 fidelium
234 2132 338 2188 coeperunt
352 2138 397 2176 dicti
410 2138 495 2188 religiosi
508 2139 529 2176 in
546 2139 630 2177 diversis
646 2140 717 2178 eremis

39 2210 58 2243 et
69 2206 152 2245 urbibus
171 2206 232 2258 Syriae
247 2206 365 2245 monasteria
382 2218 424 2250 suae
436 2207 541 2256 religionis
563 2207 655 2245 similiter
669 2219 717 2257 con-

62 2331 82 2375 lll
93 2332 112 2365 P.
123 2341 163 2373 214.

61 2390 83 2432 (z)
94 2389 115 2423 P.
130 2391 169 2433 267.
