1631 2703
207 131 277 160 TRISSAE
294 130 406 159 CATALOGUS
420 130 504 159 PRIORUM
516 129 636 159 GENERALIUM
720 133 757 173 231

85 208 164 244 -Balerrnr
174 204 347 258 Sudoaotgumb).
359 206 390 243 Ab
400 207 442 255 ejus
452 210 517 243 tamen
533 205 619 244 editione
631 207 761 254 supersedeo,

86 277 187 326 tumquin
213 276 281 314 eadem
298 276 339 325 ipsa
362 287 407 324 quae
425 275 451 314 ibi
469 276 567 314 habentur
586 276 657 313 iterum
679 276 763 315 redeunt

85 345 220 394 (paucioribus
227 351 294 383 tamen
300 344 372 390 verbisl
384 345 404 382 in
415 345 474 383 tertio
484 357 543 394 quern
554 345 643 383 editurus
651 356 696 383 sum
709 351 761 383 cata·

86 416 141 464 logo,
151 415 278 464 opernipsius
287 415 344 460 balei,
352 419 396 452 tum
408 415 468 453 etiam
480 415 526 463 quia
541 413 705 463 historiographis
718 416 762 463 qui-

87 485 125 522 bus
135 496 183 523 usus
195 490 225 522 est
237 484 436 533 parumauctoritatis
450 484 598 522 attribuendum
611 489 649 521 est.
703 532 704 535 Ἴ

113 554 160 592 Ecce
172 553 214 599 tibi,
227 555 295 597 lector,
311 554 398 603 primurn
411 554 530 603 catalogum.

112 672 162 722 (MS.
173 672 242 723 Harley
252 673 308 723 1819,
322 671 406 723 sol.57a)
419 681 544 724 Sequuntur
550 681 636 715 Priores
643 680 758 714 Generales

83 739 173 788 ¹Ordinis
181 739 207 773 ab
216 749 271 773 anno
282 739 337 774 1271
349 749 418 784 usque
430 739 493 774 1361.

112 817 189 856 Primus
201 817 237 856 fuit
246 819 311 856 Frater
320 817 437 866 Radulplrus
457 818 481 855 de
493 817 593 867 provincia
610 816 721 855 Alemaniae
732 817 763 855 in-

87 885 161 924 ferioris
173 887 234 924 lector
243 887 262 924 in
271 897 325 924 sacra
336 887 414 936 pagina,
425 886 513 925 doctrina
525 890 544 924 et
554 897 633 924 morum
656 887 760 924 honestate

87 956 214 1005 conspicuus,
226 956 311 995 multum
320 957 408 995 virtuose
419 961 503 1005 quatuor
514 956 572 994 annis
592 955 640 994 rexit
655 955 758 1000 Ordinem,

86 1025 140 1063 unde
149 1025 169 1063 in
181 1037 204 1063 eo
214 1031 255 1064 erat
267 1026 332 1064 omnis
345 1026 442 1064 rectitudo
454 1026 543 1075 justitiae,
555 1025 621 1064 omnis
633 1026 708 1064 cautela
717 1037 762 1074 pru·

86 1094 163 1139 dentiae,
175 1095 241 1133 omnis
247 1097 310 1134 forma
322 1096 423 1143 doctrinae,
434 1101 515 1144 eratque
526 1095 579 1143 pacis
588 1096 694 1144 singularis
706 1107 761 1133 ama-

86 1168 124 1209 tor,
135 1164 194 1202 divini
207 1164 265 1203 officii
275 1164 364 1214 specialis
376 1166 455 1209 zelator,
475 1165 542 1214 sicque
565 1164 633 1203 multis
653 1165 760 1204 virtutibus

86 1234 150 1272 clarus
162 1234 229 1272 coelica
241 1246 302 1284 regna
309 1234 377 1283 petivit
388 1246 440 1273 anno
453 1234 532 1272 Domini
548 1245 604 1283 1274,
615 1234 634 1272 in
645 1234 717 1285 Anglia
727 1236 761 1273 Al-

87 1303 149 1342 nevici
159 1305 257 1353 sepultus.

113 1362 262 1413 Secundus'ruit
269 1375 333 1412 Frater
345 1374 413 1412 Petrus
425 1374 449 1413 de
461 1374 560 1412 Amiliano
583 1374 689 1424 provinciae
712 1374 762 1412 Nar-

86 1442 145 1481 bonae
154 1444 214 1481 lector
224 1445 243 1482 in
254 1455 306 1482 sacra
317 1443 396 1494 pagina,
408 1444 515 1482 virtutibus
534 1444 605 1488 clarus,
627 1443 730 1493 prudentia
743 1449 762 1482 et

87 1513 173 1551 doctrina
187 1515 294 1563 refulgens,
305 1514 373 1551 decern
383 1518 403 1551 et
412 1511 484 1552 nove'm
494 1513 551 1551 annis
561 1513 665 1552 salubriter
672 1514 760 1552 multum

87 1582 182 1621 Ordinem
193 1583 249 1621 rexit.
262 1583 297 1621 Hic
309 1584 399 1632 pedester
412 1594 452 1621 non
463 1587 554 1632 equester
564 1582 674 1633 provincias
696 1582 763 1621 visita-

86 1653 121 1697 vit,
137 1657 249 1692 conventus
261 1664 309 1691 suos
319 1653 410 1702 expensis
423 1664 462 1690 non
471 1653 572 1702 gravabat,
593 1653 659 1702 paucis
680 1658 763 1691 conten-

86 1727 126 1767 tus,
138 1727 192 1761 totus
205 1723 316 1772 religiosus,
328 1723 347 1760 in
361 1723 416 1761 nullo
431 1722 521 1761 curiosus
531 1723 575 1761 fuit.
586 1722 688 1761 Visitando
707 1723 762 1772 prius

86 1793 188 1831 ecclesiam
198 1793 252 1842 petiit
261 1804 321 1841 quarn
339 1793 412 1837 aulam,
434 1792 508 1842 ubique
528 1792 660 1842 amplificabat
669 1792 760 1831 divinum

87 1862 182 1907 officium,
192 1862 269 1911 primus
281 1862 360 1901 intravit
369 1863 459 1906 chorum,
475 1862 557 1900 ultimus
570 1862 636 1900 exivit.
650 1862 707 1901 Unde
721 1867 762 1900 tota

12 1943 13 1954 ¹
70 1925 128 1981 'ejus
140 1933 263 1971 conversatio
272 1937 312 1969 erat
322 1932 388 1971 schola
400 1932 582 1981 contemplationis,
602 1944 681 1970 morum
701 1932 763 1970 aedifr-

86 2001 135 2039 catio
147 2007 166 2040 et
178 2006 276 2040 structura
285 2002 362 2045 salutis,
376 2013 411 2040 sua
423 2013 505 2051 quoque
522 2001 607 2040 visitatio
617 2006 658 2039 erat
669 2001 761 2040 omnium

85 2072 168 2110 fratrum
181 2072 254 2110 animis
263 2071 373 2110 consolatio
382 2077 401 2109 et
417 2072 516 2110 solidatio.
530 2068 566 2109 Hic
581 2083 626 2110 cum
645 2071 761 2110 humilitatis

86 2140 156 2180 baculo
167 2142 239 2191 saepius
251 2141 298 2180 adiit
309 2142 394 2180 Romam
407 2143 430 2180 ad
446 2141 516 2180 Sedem
534 2141 662 2191 apostolicam
683 2153 718 2191 pro
728 2154 762 2179 va·
797 2166 798 2169 =

87 2210 119 2249 riis
132 2211 217 2261 negotiis
230 2216 249 2250 et
258 2211 364 2262 privilegiis
376 2212 513 2261 impetrandis,
528 2212 560 2250 ubi
573 2211 650 2262 magnis
662 2212 761 2251 instantiis

110 2360 131 2402 (il
142 2360 181 2394 Ms.
190 2359 255 2395 Selden
267 2371 285 2403 41
296 2370 356 2405 supra,
364 2360 385 2392 Iu
395 2359 437 2394 fine,
