<?xml version="1.0" encoding="UTF-8"?>
<!DOCTYPE html PUBLIC "-//W3C//DTD XHTML 1.0 Transitional//EN"
    "http://www.w3.org/TR/xhtml1/DTD/xhtml1-transitional.dtd">
<html xmlns="http://www.w3.org/1999/xhtml" xml:lang="en" lang="en">
 <head>
  <title>
</title>
<meta http-equiv="Content-Type" content="text/html;charset=utf-8" />
  <meta name='ocr-system' content='tesseract 3.04.00' />
  <meta name='ocr-capabilities' content='ocr_page ocr_carea ocr_par ocr_line ocrx_word'/>
</head>
<body>
  <div class='ocr_page' id='page_1' title='image "MN5087ucmf_2_0029.png"; bbox 0 0 1631 2703; ppageno 0'>
   <div class='ocr_carea' id='block_1_1' title="bbox 338 141 747 180">
    <p class='ocr_par' dir='ltr' id='par_1_1' title="bbox 338 141 747 180">
     <span class='ocr_line' id='line_1_1' title="bbox 338 141 747 180; baseline -0.007 -10"><span class='ocrx_word' id='word_1_1' title='bbox 338 141 412 170; x_wconf 78' lang='lat' dir='ltr'>aaouca</span> <span class='ocrx_word' id='word_1_2' title='bbox 690 141 710 180; x_wconf 72' lang='lat'>13</span> <span class='ocrx_word' id='word_1_3' title='bbox 745 177 747 179; x_wconf 14' lang='lat' dir='ltr'>q</span> 
     </span>
    </p>
   </div>
   <div class='ocr_carea' id='block_1_2' title="bbox 39 216 713 472">
    <p class='ocr_par' dir='ltr' id='par_1_2' title="bbox 39 216 713 472">
     <span class='ocr_line' id='line_1_2' title="bbox 40 216 713 265; baseline 0 -11"><span class='ocrx_word' id='word_1_4' title='bbox 40 228 93 255; x_wconf 78' lang='lat' dir='ltr'>orem</span> <span class='ocrx_word' id='word_1_5' title='bbox 103 217 136 265; x_wconf 87' lang='lat' dir='ltr'>qui</span> <span class='ocrx_word' id='word_1_6' title='bbox 149 227 172 254; x_wconf 84' lang='lat' dir='ltr'>ex</span> <span class='ocrx_word' id='word_1_7' title='bbox 184 216 272 254; x_wconf 88' lang='lat' dir='ltr'>unanimi</span> <span class='ocrx_word' id='word_1_8' title='bbox 284 216 375 254; x_wconf 90' lang='lat' dir='ltr'>omnium</span> <span class='ocrx_word' id='word_1_9' title='bbox 385 226 468 254; x_wconf 88' lang='lat' dir='ltr'>assensu</span> <span class='ocrx_word' id='word_1_10' title='bbox 478 217 508 253; x_wconf 88' lang='lat' dir='ltr'>vel</span> <span class='ocrx_word' id='word_1_11' title='bbox 521 216 601 265; x_wconf 84' lang='lat' dir='ltr'>majoris</span> <span class='ocrx_word' id='word_1_12' title='bbox 613 221 632 253; x_wconf 90' lang='lat' dir='ltr'>et</span> <span class='ocrx_word' id='word_1_13' title='bbox 648 217 713 254; x_wconf 88' lang='lat' dir='ltr'>sanio-</span> 
     </span>
     <span class='ocr_line' id='line_1_3' title="bbox 40 278 713 334; baseline -0.001 -11"><span class='ocrx_word' id='word_1_14' title='bbox 40 287 65 324; x_wconf 92' lang='lat' dir='ltr'>ris</span> <span class='ocrx_word' id='word_1_15' title='bbox 75 278 170 334; x_wconf 86' lang='lat' dir='ltr'>partisad</span> <span class='ocrx_word' id='word_1_16' title='bbox 181 286 218 323; x_wconf 88' lang='lat' dir='ltr'>boc</span> <span class='ocrx_word' id='word_1_17' title='bbox 230 285 316 323; x_wconf 80' lang='lat' dir='ltr'>officium</span> <span class='ocrx_word' id='word_1_18' title='bbox 327 285 417 334; x_wconf 73' lang='lat' dir='ltr'>eligatur,</span> <span class='ocrx_word' id='word_1_19' title='bbox 427 285 457 323; x_wconf 92' lang='lat' dir='ltr'>cui</span> <span class='ocrx_word' id='word_1_20' title='bbox 470 285 601 322; x_wconf 82' lang='lat' dir='ltr'>obedientiam</span> <span class='ocrx_word' id='word_1_21' title='bbox 611 285 713 333; x_wconf 72' lang='lat' dir='ltr'>promittat</span> 
     </span>
     <span class='ocr_line' id='line_1_4' title="bbox 39 354 712 403; baseline -0.001 -11"><span class='ocrx_word' id='word_1_22' title='bbox 39 354 121 403; x_wconf 79' lang='lat' dir='ltr'>quilibet</span> <span class='ocrx_word' id='word_1_23' title='bbox 132 355 223 399; x_wconf 80' lang='lat' dir='ltr'>aliorum,</span> <span class='ocrx_word' id='word_1_24' title='bbox 240 358 259 391; x_wconf 91' lang='lat' dir='ltr'>et</span> <span class='ocrx_word' id='word_1_25' title='bbox 269 354 389 402; x_wconf 76' lang='lat' dir='ltr'>promissam</span> <span class='ocrx_word' id='word_1_26' title='bbox 402 354 480 392; x_wconf 86' lang='lat' dir='ltr'>studeat</span> <span class='ocrx_word' id='word_1_27' title='bbox 500 354 565 402; x_wconf 78' lang='lat' dir='ltr'>operis</span> <span class='ocrx_word' id='word_1_28' title='bbox 578 354 659 392; x_wconf 82' lang='lat' dir='ltr'>veritate</span> <span class='ocrx_word' id='word_1_29' title='bbox 671 366 712 392; x_wconf 91' lang='lat' dir='ltr'>ser-</span> 
     </span>
     <span class='ocr_line' id='line_1_5' title="bbox 39 422 558 472; baseline 0.002 -12"><span class='ocrx_word' id='word_1_30' title='bbox 39 435 90 468; x_wconf 74' lang='lat' dir='ltr'>rare,</span> <span class='ocrx_word' id='word_1_31' title='bbox 103 435 149 461; x_wconf 94' lang='lat' dir='ltr'>cum</span> <span class='ocrx_word' id='word_1_32' title='bbox 161 425 249 461; x_wconf 82' lang='lat' dir='ltr'>castitate</span> <span class='ocrx_word' id='word_1_33' title='bbox 261 428 280 460; x_wconf 89' lang='lat' dir='ltr'>et</span> <span class='ocrx_word' id='word_1_34' title='bbox 294 422 416 460; x_wconf 73' lang='lat' dir='ltr'>abdicatione</span> <span class='ocrx_word' id='word_1_35' title='bbox 426 422 558 472; x_wconf 70' lang='lat' dir='ltr'>proprietatis.</span> 
     </span>
    </p>
   </div>
   <div class='ocr_carea' id='block_1_3' title="bbox 238 535 509 573">
    <p class='ocr_par' dir='ltr' id='par_1_3' title="bbox 238 535 509 573">
     <span class='ocr_line' id='line_1_6' title="bbox 238 535 509 573; baseline 0 -1"><span class='ocrx_word' id='word_1_36' title='bbox 238 535 266 572; x_wconf 78' lang='lat' dir='ltr'>Da</span> <span class='ocrx_word' id='word_1_37' title='bbox 282 545 397 573; x_wconf 75' lang='lat' dir='ltr'>aecerrioua</span> <span class='ocrx_word' id='word_1_38' title='bbox 413 545 509 573; x_wconf 81' lang='lat' dir='ltr'>LOCORUM.</span> 
     </span>
    </p>
   </div>
   <div class='ocr_carea' id='block_1_4' title="bbox 38 645 711 833">
    <p class='ocr_par' dir='ltr' id='par_1_4' title="bbox 38 645 711 833">
     <span class='ocr_line' id='line_1_7' title="bbox 65 645 711 695; baseline 0 -11"><span class='ocrx_word' id='word_1_39' title='bbox 65 647 113 684; x_wconf 89' lang='lat' dir='ltr'>Loca</span> <span class='ocrx_word' id='word_1_40' title='bbox 126 651 191 684; x_wconf 84' lang='lat' dir='ltr'>autem</span> <span class='ocrx_word' id='word_1_41' title='bbox 203 646 273 690; x_wconf 83' lang='lat' dir='ltr'>habere</span> <span class='ocrx_word' id='word_1_42' title='bbox 283 646 370 695; x_wconf 87' lang='lat' dir='ltr'>poteritis</span> <span class='ocrx_word' id='word_1_43' title='bbox 380 646 399 683; x_wconf 89' lang='lat' dir='ltr'>in</span> <span class='ocrx_word' id='word_1_44' title='bbox 408 646 485 693; x_wconf 84' lang='lat' dir='ltr'>eremis,</span> <span class='ocrx_word' id='word_1_45' title='bbox 494 646 525 683; x_wconf 82' lang='lat' dir='ltr'>vel</span> <span class='ocrx_word' id='word_1_46' title='bbox 535 646 567 684; x_wconf 89' lang='lat' dir='ltr'>ubi</span> <span class='ocrx_word' id='word_1_47' title='bbox 574 645 632 684; x_wconf 87' lang='lat' dir='ltr'>vobis</span> <span class='ocrx_word' id='word_1_48' title='bbox 640 646 711 685; x_wconf 88' lang='lat' dir='ltr'>donata</span> 
     </span>
     <span class='ocr_line' id='line_1_8' title="bbox 38 714 711 765; baseline 0.003 -13"><span class='ocrx_word' id='word_1_49' title='bbox 38 715 118 759; x_wconf 79' lang='lat' dir='ltr'>fuerint,</span> <span class='ocrx_word' id='word_1_50' title='bbox 134 716 157 753; x_wconf 90' lang='lat' dir='ltr'>ad</span> <span class='ocrx_word' id='word_1_51' title='bbox 167 720 237 753; x_wconf 83' lang='lat' dir='ltr'>vestrae</span> <span class='ocrx_word' id='word_1_52' title='bbox 249 715 348 765; x_wconf 82' lang='lat' dir='ltr'>religionis</span> <span class='ocrx_word' id='word_1_53' title='bbox 360 714 506 754; x_wconf 76' lang='lat' dir='ltr'>observantiam</span> <span class='ocrx_word' id='word_1_54' title='bbox 518 719 563 764; x_wconf 85' lang='lat' dir='ltr'>apta</span> <span class='ocrx_word' id='word_1_55' title='bbox 573 719 592 752; x_wconf 88' lang='lat' dir='ltr'>et</span> <span class='ocrx_word' id='word_1_56' title='bbox 598 717 711 762; x_wconf 89' lang='lat' dir='ltr'>commoda,</span> 
     </span>
     <span class='ocr_line' id='line_1_9' title="bbox 39 784 643 833; baseline -0.002 -11"><span class='ocrx_word' id='word_1_57' title='bbox 39 785 149 823; x_wconf 86' lang='lat' dir='ltr'>secundum</span> <span class='ocrx_word' id='word_1_58' title='bbox 162 785 216 832; x_wconf 86' lang='lat' dir='ltr'>quod</span> <span class='ocrx_word' id='word_1_59' title='bbox 229 784 288 833; x_wconf 86' lang='lat' dir='ltr'>priori</span> <span class='ocrx_word' id='word_1_60' title='bbox 301 789 320 821; x_wconf 88' lang='lat' dir='ltr'>et</span> <span class='ocrx_word' id='word_1_61' title='bbox 332 784 424 822; x_wconf 81' lang='lat' dir='ltr'>iratribus</span> <span class='ocrx_word' id='word_1_62' title='bbox 436 784 534 822; x_wconf 82' lang='lat' dir='ltr'>ridebitur</span> <span class='ocrx_word' id='word_1_63' title='bbox 546 784 643 833; x_wconf 84' lang='lat' dir='ltr'>expedire.</span> 
     </span>
    </p>
   </div>
   <div class='ocr_carea' id='block_1_5' title="bbox 268 896 476 935">
    <p class='ocr_par' dir='ltr' id='par_1_5' title="bbox 268 896 476 935">
     <span class='ocr_line' id='line_1_10' title="bbox 268 896 476 935; baseline -0.005 -1"><span class='ocrx_word' id='word_1_64' title='bbox 268 896 296 934; x_wconf 78' lang='lat' dir='ltr'>Da</span> <span class='ocrx_word' id='word_1_65' title='bbox 308 906 368 933; x_wconf 76' lang='lat' dir='ltr'>cercis</span> <span class='ocrx_word' id='word_1_66' title='bbox 379 906 476 935; x_wconf 73' lang='lat' dir='ltr'>mmmm.</span> 
     </span>
    </p>
   </div>
   <div class='ocr_carea' id='block_1_6' title="bbox 37 1006 712 1329">
    <p class='ocr_par' dir='ltr' id='par_1_6' title="bbox 37 1006 712 1329">
     <span class='ocr_line' id='line_1_11' title="bbox 65 1006 712 1056; baseline 0.003 -13"><span class='ocrx_word' id='word_1_67' title='bbox 65 1007 157 1044; x_wconf 74' lang='lat' dir='ltr'>Praeterea</span> <span class='ocrx_word' id='word_1_68' title='bbox 167 1007 223 1055; x_wconf 85' lang='lat' dir='ltr'>juxta</span> <span class='ocrx_word' id='word_1_69' title='bbox 234 1007 295 1045; x_wconf 84' lang='lat' dir='ltr'>situm</span> <span class='ocrx_word' id='word_1_70' title='bbox 315 1007 352 1044; x_wconf 91' lang='lat' dir='ltr'>loci</span> <span class='ocrx_word' id='word_1_71' title='bbox 373 1019 431 1055; x_wconf 87' lang='lat' dir='ltr'>quem</span> <span class='ocrx_word' id='word_1_72' title='bbox 451 1006 558 1044; x_wconf 86' lang='lat' dir='ltr'>inhabitare</span> <span class='ocrx_word' id='word_1_73' title='bbox 570 1008 712 1056; x_wconf 84' lang='lat' dir='ltr'>proposueritis</span> 
     </span>
     <span class='ocr_line' id='line_1_12' title="bbox 39 1075 712 1125; baseline 0.001 -13"><span class='ocrx_word' id='word_1_74' title='bbox 39 1075 111 1123; x_wconf 83' lang='lat' dir='ltr'>singuli</span> <span class='ocrx_word' id='word_1_75' title='bbox 127 1080 214 1114; x_wconf 90' lang='lat' dir='ltr'>vestrum</span> <span class='ocrx_word' id='word_1_76' title='bbox 232 1076 322 1125; x_wconf 86' lang='lat' dir='ltr'>singulas</span> <span class='ocrx_word' id='word_1_77' title='bbox 338 1076 423 1113; x_wconf 85' lang='lat' dir='ltr'>babeant</span> <span class='ocrx_word' id='word_1_78' title='bbox 435 1076 515 1114; x_wconf 84' lang='lat' dir='ltr'>cellulas</span> <span class='ocrx_word' id='word_1_79' title='bbox 536 1080 641 1125; x_wconf 83' lang='lat' dir='ltr'>separatas,</span> <span class='ocrx_word' id='word_1_80' title='bbox 661 1076 712 1114; x_wconf 89' lang='lat' dir='ltr'>sicut</span> 
     </span>
     <span class='ocr_line' id='line_1_13' title="bbox 39 1144 712 1194; baseline 0.003 -13"><span class='ocrx_word' id='word_1_81' title='bbox 39 1155 73 1192; x_wconf 88' lang='lat' dir='ltr'>per</span> <span class='ocrx_word' id='word_1_82' title='bbox 84 1144 234 1193; x_wconf 82' lang='lat' dir='ltr'>dispositionem</span> <span class='ocrx_word' id='word_1_83' title='bbox 248 1145 317 1194; x_wconf 88' lang='lat' dir='ltr'>prioris</span> <span class='ocrx_word' id='word_1_84' title='bbox 335 1145 398 1193; x_wconf 89' lang='lat' dir='ltr'>ipsius</span> <span class='ocrx_word' id='word_1_85' title='bbox 410 1150 429 1183; x_wconf 86' lang='lat' dir='ltr'>et</span> <span class='ocrx_word' id='word_1_86' title='bbox 444 1145 468 1182; x_wconf 91' lang='lat' dir='ltr'>de</span> <span class='ocrx_word' id='word_1_87' title='bbox 484 1156 567 1183; x_wconf 83' lang='lat' dir='ltr'>assensu</span> <span class='ocrx_word' id='word_1_88' title='bbox 578 1145 661 1183; x_wconf 90' lang='lat' dir='ltr'>aliorum</span> <span class='ocrx_word' id='word_1_89' title='bbox 675 1147 712 1183; x_wconf 80' lang='lat' dir='ltr'>tra-</span> 
     </span>
     <span class='ocr_line' id='line_1_14' title="bbox 37 1214 711 1263; baseline 0.004 -14"><span class='ocrx_word' id='word_1_90' title='bbox 37 1218 90 1250; x_wconf 81' lang='lat' dir='ltr'>trum</span> <span class='ocrx_word' id='word_1_91' title='bbox 100 1215 132 1251; x_wconf 51' lang='lat' dir='ltr'>¹vel</span> <span class='ocrx_word' id='word_1_92' title='bbox 147 1214 231 1252; x_wconf 89' lang='lat' dir='ltr'>sanioris</span> <span class='ocrx_word' id='word_1_93' title='bbox 243 1214 310 1263; x_wconf 78' lang='lat' dir='ltr'>partis,</span> <span class='ocrx_word' id='word_1_94' title='bbox 323 1214 397 1251; x_wconf 84' lang='lat' dir='ltr'>eaedem</span> <span class='ocrx_word' id='word_1_95' title='bbox 410 1214 484 1251; x_wconf 71' lang='lat' dir='ltr'>cellulae</span> <span class='ocrx_word' id='word_1_96' title='bbox 496 1214 567 1262; x_wconf 90' lang='lat' dir='ltr'>cuique</span> <span class='ocrx_word' id='word_1_97' title='bbox 579 1214 651 1251; x_wconf 83' lang='lat' dir='ltr'>tuerint</span> <span class='ocrx_word' id='word_1_98' title='bbox 663 1215 711 1252; x_wconf 87' lang='lat' dir='ltr'>assi-</span> 
     </span>
     <span class='ocr_line' id='line_1_15' title="bbox 39 1287 109 1329; baseline 0.029 -10"><span class='ocrx_word' id='word_1_99' title='bbox 39 1287 109 1329; x_wconf 82' lang='lat' dir='ltr'>gnatae.</span> 
     </span>
    </p>
   </div>
   <div class='ocr_carea' id='block_1_7' title="bbox 178 1368 570 1407">
    <p class='ocr_par' dir='ltr' id='par_1_7' title="bbox 178 1368 570 1407">
     <span class='ocr_line' id='line_1_16' title="bbox 178 1368 570 1407; baseline 0 -2"><span class='ocrx_word' id='word_1_100' title='bbox 178 1368 205 1405; x_wconf 77' lang='lat' dir='ltr'>DE</span> <span class='ocrx_word' id='word_1_101' title='bbox 217 1379 306 1407; x_wconf 78' lang='lat' dir='ltr'>COllllrlUlll</span> <span class='ocrx_word' id='word_1_102' title='bbox 316 1379 431 1407; x_wconf 80' lang='lat' dir='ltr'>REFECTORIO</span> <span class='ocrx_word' id='word_1_103' title='bbox 440 1378 464 1406; x_wconf 85' lang='grc' dir='ltr'>ΕΤ</span> <span class='ocrx_word' id='word_1_104' title='bbox 474 1378 570 1406; x_wconf 78' lang='lat' dir='ltr'>LECTIONE.</span> 
     </span>
    </p>
   </div>
   <div class='ocr_carea' id='block_1_8' title="bbox 37 1465 712 2221">
    <p class='ocr_par' dir='ltr' id='par_1_8' title="bbox 37 1465 712 2221">
     <span class='ocr_line' id='line_1_17' title="bbox 37 1465 712 1528; baseline 0.004 -12"><span class='ocrx_word' id='word_1_105' title='bbox 37 1477 86 1528; x_wconf 82' lang='lat' dir='ltr'>(Fol.</span> <span class='ocrx_word' id='word_1_106' title='bbox 100 1478 144 1528; x_wconf 67' lang='lat' dir='ltr'>ab.)</span> <span class='ocrx_word' id='word_1_107' title='bbox 155 1465 189 1517; x_wconf 81' lang='lat' dir='ltr'>&#39;lta</span> <span class='ocrx_word' id='word_1_108' title='bbox 200 1484 266 1518; x_wconf 83' lang='lat' dir='ltr'>tarnen</span> <span class='ocrx_word' id='word_1_109' title='bbox 279 1486 301 1519; x_wconf 85' lang='lat' dir='ltr'>ut</span> <span class='ocrx_word' id='word_1_110' title='bbox 317 1480 336 1517; x_wconf 92' lang='lat' dir='ltr'>in</span> <span class='ocrx_word' id='word_1_111' title='bbox 349 1479 558 1518; x_wconf 86' lang='lat' dir='ltr'>communirelectorio</span> <span class='ocrx_word' id='word_1_112' title='bbox 570 1492 592 1517; x_wconf 89' lang='lat' dir='ltr'>ea</span> <span class='ocrx_word' id='word_1_113' title='bbox 604 1491 648 1528; x_wconf 85' lang='lat' dir='ltr'>quae</span> <span class='ocrx_word' id='word_1_114' title='bbox 655 1481 712 1519; x_wconf 92' lang='lat' dir='ltr'>vobis</span> 
     </span>
     <span class='ocr_line' id='line_1_18' title="bbox 39 1549 712 1599; baseline 0.004 -15"><span class='ocrx_word' id='word_1_115' title='bbox 39 1553 115 1596; x_wconf 83' lang='lat' dir='ltr'>erogata</span> <span class='ocrx_word' id='word_1_116' title='bbox 128 1549 206 1591; x_wconf 77' lang='lat' dir='ltr'>luerint,</span> <span class='ocrx_word' id='word_1_117' title='bbox 216 1550 349 1588; x_wconf 88' lang='lat' dir='ltr'>communiter</span> <span class='ocrx_word' id='word_1_118' title='bbox 360 1550 446 1598; x_wconf 82' lang='lat' dir='ltr'>aliquam</span> <span class='ocrx_word' id='word_1_119' title='bbox 458 1549 563 1586; x_wconf 85' lang='lat' dir='ltr'>lectionem</span> <span class='ocrx_word' id='word_1_120' title='bbox 576 1561 636 1587; x_wconf 80' lang='lat' dir='ltr'>sacrae</span> <span class='ocrx_word' id='word_1_121' title='bbox 650 1551 712 1599; x_wconf 93' lang='lat' dir='ltr'>scrip-</span> 
     </span>
     <span class='ocr_line' id='line_1_19' title="bbox 38 1618 712 1667; baseline 0.006 -15"><span class='ocrx_word' id='word_1_122' title='bbox 38 1620 86 1654; x_wconf 86' lang='lat' dir='ltr'>turae</span> <span class='ocrx_word' id='word_1_123' title='bbox 96 1618 193 1655; x_wconf 89' lang='lat' dir='ltr'>audiendo</span> <span class='ocrx_word' id='word_1_124' title='bbox 203 1618 236 1656; x_wconf 92' lang='lat' dir='ltr'>ubi</span> <span class='ocrx_word' id='word_1_125' title='bbox 249 1619 355 1656; x_wconf 91' lang='lat' dir='ltr'>commode</span> <span class='ocrx_word' id='word_1_126' title='bbox 368 1619 439 1667; x_wconf 90' lang='lat' dir='ltr'>poterit</span> <span class='ocrx_word' id='word_1_127' title='bbox 451 1618 550 1655; x_wconf 76' lang='lat' dir='ltr'>observari</span> <span class='ocrx_word' id='word_1_128' title='bbox 563 1618 653 1656; x_wconf 88' lang='lat' dir='ltr'>sumatis.</span> <span class='ocrx_word' id='word_1_129' title='bbox 671 1619 712 1656; x_wconf 85' lang='lat' dir='ltr'>Nec</span> 
     </span>
     <span class='ocr_line' id='line_1_20' title="bbox 38 1684 712 1736; baseline 0.006 -15"><span class='ocrx_word' id='word_1_130' title='bbox 38 1684 93 1723; x_wconf 86' lang='lat' dir='ltr'>liceat</span> <span class='ocrx_word' id='word_1_131' title='bbox 104 1687 160 1725; x_wconf 89' lang='lat' dir='ltr'>alicui</span> <span class='ocrx_word' id='word_1_132' title='bbox 173 1688 253 1724; x_wconf 83' lang='lat' dir='ltr'>fratrum</span> <span class='ocrx_word' id='word_1_133' title='bbox 265 1688 301 1725; x_wconf 92' lang='lat' dir='ltr'>nisi</span> <span class='ocrx_word' id='word_1_134' title='bbox 313 1688 337 1724; x_wconf 81' lang='lat' dir='ltr'>de</span> <span class='ocrx_word' id='word_1_135' title='bbox 351 1688 427 1725; x_wconf 86' lang='lat' dir='ltr'>licentia</span> <span class='ocrx_word' id='word_1_136' title='bbox 438 1686 507 1736; x_wconf 87' lang='lat' dir='ltr'>prioris</span> <span class='ocrx_word' id='word_1_137' title='bbox 518 1687 551 1735; x_wconf 85' lang='lat' dir='ltr'>qui</span> <span class='ocrx_word' id='word_1_138' title='bbox 570 1699 605 1736; x_wconf 93' lang='lat' dir='ltr'>pro</span> <span class='ocrx_word' id='word_1_139' title='bbox 623 1693 712 1736; x_wconf 85' lang='lat' dir='ltr'>tempore</span> 
     </span>
     <span class='ocr_line' id='line_1_21' title="bbox 39 1755 712 1806; baseline 0.006 -15"><span class='ocrx_word' id='word_1_140' title='bbox 39 1755 101 1803; x_wconf 84' lang='lat' dir='ltr'>suerit,</span> <span class='ocrx_word' id='word_1_141' title='bbox 113 1757 229 1806; x_wconf 86' lang='lat' dir='ltr'>deputatum</span> <span class='ocrx_word' id='word_1_142' title='bbox 240 1757 276 1795; x_wconf 93' lang='lat' dir='ltr'>sibi</span> <span class='ocrx_word' id='word_1_143' title='bbox 289 1762 365 1795; x_wconf 86' lang='lat' dir='ltr'>mutare</span> <span class='ocrx_word' id='word_1_144' title='bbox 375 1758 448 1800; x_wconf 88' lang='lat' dir='ltr'>locum,</span> <span class='ocrx_word' id='word_1_145' title='bbox 462 1758 493 1795; x_wconf 87' lang='lat' dir='ltr'>vel</span> <span class='ocrx_word' id='word_1_146' title='bbox 511 1768 557 1794; x_wconf 95' lang='lat' dir='ltr'>cum</span> <span class='ocrx_word' id='word_1_147' title='bbox 575 1757 613 1795; x_wconf 86' lang='lat' dir='ltr'>alio</span> <span class='ocrx_word' id='word_1_148' title='bbox 635 1769 712 1806; x_wconf 88' lang='lat' dir='ltr'>permu-</span> 
     </span>
     <span class='ocr_line' id='line_1_22' title="bbox 38 1825 712 1874; baseline 0.007 -14"><span class='ocrx_word' id='word_1_149' title='bbox 38 1827 84 1861; x_wconf 88' lang='lat' dir='ltr'>tare.</span> <span class='ocrx_word' id='word_1_150' title='bbox 98 1825 172 1864; x_wconf 83' lang='lat' dir='ltr'>Cellula</span> <span class='ocrx_word' id='word_1_151' title='bbox 189 1826 259 1874; x_wconf 91' lang='lat' dir='ltr'>prioris</span> <span class='ocrx_word' id='word_1_152' title='bbox 276 1826 362 1874; x_wconf 82' lang='lat' dir='ltr'>sitjuxta</span> <span class='ocrx_word' id='word_1_153' title='bbox 376 1826 481 1864; x_wconf 88' lang='lat' dir='ltr'>introitum</span> <span class='ocrx_word' id='word_1_154' title='bbox 493 1827 531 1864; x_wconf 92' lang='lat' dir='ltr'>loci</span> <span class='ocrx_word' id='word_1_155' title='bbox 548 1832 571 1865; x_wconf 88' lang='lat' dir='ltr'>ut</span> <span class='ocrx_word' id='word_1_156' title='bbox 585 1826 712 1865; x_wconf 79' lang='lat' dir='ltr'>venientibus</span> 
     </span>
     <span class='ocr_line' id='line_1_23' title="bbox 38 1893 712 1944; baseline 0.006 -15"><span class='ocrx_word' id='word_1_157' title='bbox 38 1893 62 1929; x_wconf 88' lang='lat' dir='ltr'>ad</span> <span class='ocrx_word' id='word_1_158' title='bbox 74 1895 167 1932; x_wconf 90' lang='lat' dir='ltr'>eumdem</span> <span class='ocrx_word' id='word_1_159' title='bbox 181 1895 247 1932; x_wconf 92' lang='lat' dir='ltr'>locum</span> <span class='ocrx_word' id='word_1_160' title='bbox 260 1896 335 1944; x_wconf 86' lang='lat' dir='ltr'>primus</span> <span class='ocrx_word' id='word_1_161' title='bbox 347 1900 442 1940; x_wconf 89' lang='lat' dir='ltr'>occurrat,</span> <span class='ocrx_word' id='word_1_162' title='bbox 456 1900 476 1932; x_wconf 83' lang='lat' dir='ltr'>et</span> <span class='ocrx_word' id='word_1_163' title='bbox 485 1895 509 1932; x_wconf 92' lang='lat' dir='ltr'>de</span> <span class='ocrx_word' id='word_1_164' title='bbox 520 1896 599 1933; x_wconf 80' lang='lat' dir='ltr'>arbitrio</span> <span class='ocrx_word' id='word_1_165' title='bbox 611 1900 630 1933; x_wconf 91' lang='lat' dir='ltr'>et</span> <span class='ocrx_word' id='word_1_166' title='bbox 645 1896 712 1944; x_wconf 88' lang='lat' dir='ltr'>dispo-</span> 
     </span>
     <span class='ocr_line' id='line_1_24' title="bbox 38 1961 711 2014; baseline 0.006 -16"><span class='ocrx_word' id='word_1_167' title='bbox 38 1961 108 2000; x_wconf 90' lang='lat' dir='ltr'>sitione</span> <span class='ocrx_word' id='word_1_168' title='bbox 120 1963 182 2012; x_wconf 91' lang='lat' dir='ltr'>ipsius</span> <span class='ocrx_word' id='word_1_169' title='bbox 198 1964 328 2012; x_wconf 88' lang='lat' dir='ltr'>postmodum</span> <span class='ocrx_word' id='word_1_170' title='bbox 344 1975 389 2012; x_wconf 83' lang='lat' dir='ltr'>quae</span> <span class='ocrx_word' id='word_1_171' title='bbox 404 1964 480 2014; x_wconf 82' lang='lat' dir='ltr'>agenda</span> <span class='ocrx_word' id='word_1_172' title='bbox 499 1970 546 2003; x_wconf 92' lang='lat' dir='ltr'>sunt</span> <span class='ocrx_word' id='word_1_173' title='bbox 557 1969 626 2002; x_wconf 88' lang='lat' dir='ltr'>cuncta</span> <span class='ocrx_word' id='word_1_174' title='bbox 646 1976 711 2013; x_wconf 85' lang='lat' dir='ltr'>proce-</span> 
     </span>
     <span class='ocr_line' id='line_1_25' title="bbox 38 2030 712 2083; baseline 0.007 -17"><span class='ocrx_word' id='word_1_175' title='bbox 38 2030 91 2069; x_wconf 90' lang='lat' dir='ltr'>dant.</span> <span class='ocrx_word' id='word_1_176' title='bbox 104 2033 195 2070; x_wconf 86' lang='lat' dir='ltr'>Maneant</span> <span class='ocrx_word' id='word_1_177' title='bbox 214 2033 288 2081; x_wconf 82' lang='lat' dir='ltr'>singuli</span> <span class='ocrx_word' id='word_1_178' title='bbox 300 2033 320 2070; x_wconf 90' lang='lat' dir='ltr'>in</span> <span class='ocrx_word' id='word_1_179' title='bbox 332 2034 406 2071; x_wconf 89' lang='lat' dir='ltr'>cellulis</span> <span class='ocrx_word' id='word_1_180' title='bbox 423 2033 471 2079; x_wconf 86' lang='lat' dir='ltr'>suis,</span> <span class='ocrx_word' id='word_1_181' title='bbox 485 2034 516 2071; x_wconf 84' lang='lat' dir='ltr'>vel</span> <span class='ocrx_word' id='word_1_182' title='bbox 525 2034 582 2083; x_wconf 84' lang='lat' dir='ltr'>juxta</span> <span class='ocrx_word' id='word_1_183' title='bbox 594 2045 627 2071; x_wconf 84' lang='lat' dir='ltr'>eas</span> <span class='ocrx_word' id='word_1_184' title='bbox 637 2034 667 2071; x_wconf 82' lang='lat' dir='ltr'>die</span> <span class='ocrx_word' id='word_1_185' title='bbox 690 2046 712 2071; x_wconf 87' lang='lat' dir='ltr'>ac</span> 
     </span>
     <span class='ocr_line' id='line_1_26' title="bbox 39 2101 710 2152; baseline 0.006 -16"><span class='ocrx_word' id='word_1_186' title='bbox 39 2105 94 2137; x_wconf 87' lang='lat' dir='ltr'>nocte</span> <span class='ocrx_word' id='word_1_187' title='bbox 105 2101 125 2139; x_wconf 91' lang='lat' dir='ltr'>in</span> <span class='ocrx_word' id='word_1_188' title='bbox 137 2103 180 2150; x_wconf 70' lang='lat' dir='ltr'>lege</span> <span class='ocrx_word' id='word_1_189' title='bbox 188 2101 267 2139; x_wconf 87' lang='lat' dir='ltr'>Domini</span> <span class='ocrx_word' id='word_1_190' title='bbox 277 2102 395 2140; x_wconf 88' lang='lat' dir='ltr'>meditantes</span> <span class='ocrx_word' id='word_1_191' title='bbox 407 2109 426 2140; x_wconf 87' lang='lat' dir='ltr'>et</span> <span class='ocrx_word' id='word_1_192' title='bbox 438 2103 457 2139; x_wconf 92' lang='lat' dir='ltr'>in</span> <span class='ocrx_word' id='word_1_193' title='bbox 466 2102 589 2141; x_wconf 82' lang='lat' dir='ltr'>orationibus</span> <span class='ocrx_word' id='word_1_194' title='bbox 598 2102 710 2152; x_wconf 79' lang='lat' dir='ltr'>vigilantes,</span> 
     </span>
     <span class='ocr_line' id='line_1_27' title="bbox 39 2168 481 2221; baseline 0.011 -17"><span class='ocrx_word' id='word_1_195' title='bbox 39 2168 75 2206; x_wconf 90' lang='lat' dir='ltr'>nisi</span> <span class='ocrx_word' id='word_1_196' title='bbox 87 2171 129 2209; x_wconf 88' lang='lat' dir='ltr'>aliis</span> <span class='ocrx_word' id='word_1_197' title='bbox 136 2171 195 2220; x_wconf 82' lang='lat' dir='ltr'>justis</span> <span class='ocrx_word' id='word_1_198' title='bbox 207 2171 344 2210; x_wconf 79' lang='lat' dir='ltr'>occasionibus</span> <span class='ocrx_word' id='word_1_199' title='bbox 353 2179 481 2221; x_wconf 85' lang='lat' dir='ltr'>occupentur.</span> 
     </span>
    </p>
   </div>
   <div class='ocr_carea' id='block_1_9' title="bbox 264 2295 481 2335">
    <p class='ocr_par' dir='ltr' id='par_1_9' title="bbox 264 2295 481 2335">
     <span class='ocr_line' id='line_1_28' title="bbox 264 2295 481 2335; baseline 0 -2"><span class='ocrx_word' id='word_1_200' title='bbox 264 2296 292 2334; x_wconf 78' lang='lat' dir='ltr'>De</span> <span class='ocrx_word' id='word_1_201' title='bbox 305 2306 359 2334; x_wconf 76' lang='lat' dir='ltr'>nonis</span> <span class='ocrx_word' id='word_1_202' title='bbox 372 2295 481 2335; x_wconf 78' lang='lat' dir='ltr'>Cauourcis.</span> 
     </span>
    </p>
   </div>
   <div class='ocr_carea' id='block_1_10' title="bbox 63 2409 711 2460">
    <p class='ocr_par' dir='ltr' id='par_1_10' title="bbox 63 2409 711 2460">
     <span class='ocr_line' id='line_1_29' title="bbox 63 2409 711 2460; baseline 0.005 -12"><span class='ocrx_word' id='word_1_203' title='bbox 63 2409 86 2447; x_wconf 90' lang='lat' dir='ltr'>Hi</span> <span class='ocrx_word' id='word_1_204' title='bbox 96 2412 130 2460; x_wconf 88' lang='lat' dir='ltr'>qui</span> <span class='ocrx_word' id='word_1_205' title='bbox 142 2413 200 2450; x_wconf 88' lang='lat' dir='ltr'>horas</span> <span class='ocrx_word' id='word_1_206' title='bbox 214 2413 319 2451; x_wconf 81' lang='lat' dir='ltr'>canonicas</span> <span class='ocrx_word' id='word_1_207' title='bbox 331 2424 376 2451; x_wconf 92' lang='lat' dir='ltr'>cum</span> <span class='ocrx_word' id='word_1_208' title='bbox 391 2413 464 2451; x_wconf 89' lang='lat' dir='ltr'>clericis</span> <span class='ocrx_word' id='word_1_209' title='bbox 476 2413 540 2451; x_wconf 89' lang='lat' dir='ltr'>dicere</span> <span class='ocrx_word' id='word_1_210' title='bbox 552 2418 626 2452; x_wconf 90' lang='lat' dir='ltr'>norunt</span> <span class='ocrx_word' id='word_1_211' title='bbox 638 2425 670 2452; x_wconf 85' lang='lat' dir='ltr'>eas</span> <span class='ocrx_word' id='word_1_212' title='bbox 683 2414 711 2451; x_wconf 93' lang='lat' dir='ltr'>di-</span> 
     </span>
    </p>
   </div>
   <div class='ocr_carea' id='block_1_11' title="bbox 0 0 820 2703">
    <p class='ocr_par' dir='ltr' id='par_1_11' title="bbox 0 0 820 2703">
     <span class='ocr_line' id='line_1_30' title="bbox 0 0 820 2703; baseline 0 0"><span class='ocrx_word' id='word_1_213' title='bbox 0 0 820 2703; x_wconf 95' lang='lat' dir='ltr'> </span> 
     </span>
    </p>
   </div>
  </div>
 </body>
</html>
