1631 2703
273 105 292 131 A.
309 93 467 144 o..1259-1362.
666 104 703 142 205

33 176 194 216 constitutiones
205 178 261 228 quod·
282 180 351 216 fratres
368 178 410 216 laici
426 189 465 216 nou
481 182 564 227 possent
581 177 652 227 eligere
667 189 706 223 nec

33 245 78 295 eligi
90 250 109 284 et
120 247 182 285 multa
194 247 230 284 alia
242 248 321 285 luerunt
332 247 428 285 instituta.
698 283 699 287 ,

60 315 208 353 AnnoDomini
223 315 435 366 1294iuitcapitulum
450 315 541 363 generale
552 315 671 360 celebratum
683 316 703 353 in

33 383 129 431 provincio
140 384 250 432 Aquitaniae
259 384 278 421 in
290 390 390 422 conventu
402 384 514 432 Burdegalae
526 388 545 420 et
556 383 582 421 ibi
595 385 656 431 iactus
669 395 705 430 seu

32 453 104 489 electus
116 458 146 490 est
157 453 209 501 prior
217 454 314 501 generalis
325 455 381 490 irater
389 453 520 502 Raymundus
529 452 553 490 de
561 452 631 496 Insula,
645 453 704 490 lector
718 482 721 486 ,

33 520 51 558 in
60 532 112 558 sacra
124 521 201 571 Pagina,
219 521 248 559 vir
260 522 314 559 mirae
326 521 434 560 honestatis
445 513 466 559 et
477 521 562 565 virtutis,
576 522 633 559 fratre
647 522 704 570 Petro

32 589 56 626 de
65 589 163 627 Amiliano
174 591 214 639 jam
227 590 250 627 de
263 590 328 627 medio
340 590 417 627 sublato
431 589 450 627 in
461 594 560 627 conventu
570 589 673 639 Tholosoe„
683 589 702 627 ln

33 659 75 696 hoc¹¹
89 658 173 708 capitulo
188 660 243 707 plura
264 658 380 696 ordinantur
391 659 415 696 de
430 657 587 696 confessionibus
600 662 619 696 et
636 657 704 707 praedie

32 727 141 766 coitionibus
153 729 243 766 fratrum.

57 798 116 834 Anno
128 796 206 834 Domini
221 807 269 847 1297
282 797 318 834 tuit
330 796 437 845 capitulum
449 796 539 844 generale
551 796 702 837 celebraturum

31 864 129 914 provincia
139 864 222 903 Franciae
229 864 248 902 in
255 869 353 903 conventu
360 864 461 913 Brugensi²
471 869 490 902 et
499 864 524 902 ibi
532 865 605 903 electus
612 869 642 903 est
651 864 711 914 prior<

31 934 126 983 generalis
139 935 196 971 irater
204 934 301 972 Gerardus
310 934 334 971 de
342 933 436 981 Bononio,
450 933 518 972 doctor
527 934 611 973 insocra
623 933 709 983 Pagina„

31 1002 60 1039 vir
69 1002 123 1040 mirae
138 1002 257 1040 excellentiae
271 1014 293 1040 ae
304 1013 388 1040 summae
405 1002 521 1051 prudentiae.
536 1003 556 1040 ln
569 1003 605 1040 lroc
617 1002 702 1051 capitulo

31 1072 86 1120 plura
99 1071 215 1110 ordinantur
233 1082 268 1119 pro
280 1071 346 1110 studio
361 1070 469 1120 parisiensi,
485 1070 557 1109 scilicet
575 1082 610 1120 pro
625 1071 702 1110 biblicis

31 1145 50 1178 et
61 1140 176 1178 bachelariis
185 1151 207 1177 ac
219 1139 318 1188 magistris
330 1139 399 1188 quoad
409 1140 520 1178 taxationes
532 1144 550 1178 et
561 1150 658 1188 expensas
668 1151 702 1180 eo·

32 1220 84 1248 rum.

57 1278 116 1315 Anno
125 1277 202 1315 Domini
218 1288 267 1327 1300
282 1277 319 1315 iuit
330 1277 438 1326 capitulum
450 1278 541 1326 generale
552 1277 670 1318 celebratum
682 1277 702 1318 in

30 1345 130 1394 provincia
142 1345 218 1383 Tusciae
229 1346 360 1384 inconventu
368 1345 469 1384 Florentiae
481 1346 500 1383 in
514 1347 564 1383 iesto
576 1346 702 1397 Pentecostes

29 1416 86 1452 fratre
99 1414 193 1455 ,Gerardo
221 1414 284 1463 pri0re
310 1415 404 1464 generali.
416 1415 441 1452 ln
459 1416 497 1452 hoc
513 1414 603 1463 capitulo
619 1403 702 1456 fuerunt

30 1485 85 1532 plura
108 1483 195 1520 ordinata
207 1469 231 1520 cle
243 1482 310 1531 sigillis
322 1488 340 1520 et
362 1483 520 1531 sigillationibus
534 1483 557 1520 de
569 1484 709 1531 procuratori&

29 1553 67 1590 bus
77 1564 99 1589 ac
110 1552 134 1589 de
141 1551 266 1590 eleemosinis
278 1551 403 1600 recipiendis„

55 1621 114 1658 Anno
130 1620 209 1658 Domini
230 1631 277 1670 1303
291 1620 328 1657 suit
343 1608 450 1668 copitulurn
470 1622 559 1669 generale
578 1621 699 1666 celebratum

28 1690 125 1728 Narbonae
136 1689 155 1727 in
165 1690 215 1726 iesto
228 1690 352 1727 Pentecostes
364 1689 458 1738 magistro
467 1689 554 1728 Gerordo
566 1690 629 1739 priore
637 1701 698 1738 gene-

29 1758 69 1797 rali.
82 1759 101 1796 ln
117 1759 154 1796 hoc
165 1758 250 1807 capitulo
261 1758 407 1808 fuerunt'plura
420 1758 507 1797 ordinata
520 1764 588 1797 contra
597 1746 699 1809 apostatas

29 1833 48 1865 et
57 1828 212 1865 scandalisentes
221 1827 319 1866 ordinem.
727 1821 729 1824 ’

56 1897 115 1934 Anno
124 1896 203 1934 Domini
213 1897 261 1944 ηοξ)
269 1895 305 1934 iuit
312 1896 419 1945 capitulum
425 1896 515 1945 generale
525 1896 699 1937 celebratumTho-

27 1966 75 2003 losae
84 1965 104 2002 in
117 1965 166 2002 sesto
178 1965 302 2002 Pentecostes
315 1965 408 2014 magistro
430 1966 516 2013 generali
538 1965 624 2003 Gerardo
637 1966 700 2014 priore

28 2034 121 2083 generali,
134 2034 153 2071 in
166 2045 206 2082 quo
219 2033 303 2082 capitulo
317 2034 395 2071 fuerunt
411 2034 465 2082 plura
482 2033 576 2078 ordinata,
590 2034 709 2082 specialiter>

28 2104 52 2141 de
64 2102 201 2141 observatione
210 2102 288 2140 silentii.

54 2172 112 2210 Anno
122 2171 199 2209 Domini
213 2182 261 2221 1309
274 2170 310 2208 iuit
321 2171 429 2219 capitulum
440 2171 530 2220 generale
542 2157 698 2218 celebratumjrn

28 2253 72 2279 nuae
83 2242 102 2279 in
118 2242 168 2278 resto
179 2241 304 2277 Pentecostes
319 2239 414 2288 magistro
429 2240 514 2277 Gerardo
530 2240 592 2288 priore
604 2241 697 2289 generali.

27 2311 46 2349 ln
59 2311 96 2348 hoc
107 2309 192 2359 capitulo
204 2310 284 2348 fuerunt
296 2308 452 2358 pluraordinata‚
465 2308 573 2357 specialiter
584 2309 608 2347 de
630 2309 696 2347 officio
