1631 2703
291 116 359 144 ornan.
375 117 394 143 a.
410 117 429 144 o.
445 117 505 157 1345·
693 118 729 157 149

62 190 138 228 riasin
148 191 228 239 'q'uibus'
240 191 372 229 conventibus
392 193 421 229 vel
440 191 544 240 provinciis
562 190 683 240 contingeret
694 202 729 230 eos

62 259 161 298 infirmari.
516 265 518 267 '
539 263 542 267 ⁴

87 329 137 366 ltem·
146 328 165 366 in
186 329 255 366 eadem
265 329 349 367 Rubrica
365 328 447 367 addatur
461 328 516 377 quod
527 328 629 366 sitratres
641 328 729 377 hospites

61 397 160 435 venientes
173 409 207 445 pro
218 398 301 446 negotiis
310 397 541 447 provinciarurn'suarum
552 398 581 434 vcl
593 402 727 436 conventuum

60 466 83 502 ad
96 470 224 504 conventum*
238 466 370 515 Parysiensem
383 470 402 502 et
413 465 573 503 Avenionensern
586 465 658 502 ibidem
676 466 729 503 iniir-

61 534 109 572 mari
121 534 232 583 contigerit,
247 535 340 572 volumus
348 534 401 582 quod
414 534 438 571 de
449 534 507 571 bonis
518 533 623 582 provinciae
640 535 670 570 vel
683 545 728 572 con-

60 607 156 641 ventuum
169 614 179 639 a
191 603 263 651 quibus
273 603 328 640 missi
339 603 509 650 lueriutexpensae
520 603 575 639 tacta
587 602 606 639 in
619 605 687 641 e'or'um
699 603 729 641 in-

60 670 184 708 firmitatibus
205 672 306 707 solvantur
321 675 340 706 et
356 670 375 706 in
392 681 438 707 casu
455 681 495 717 quo
508 675 680 717 pauperes‘essent
693 681 728 709 nec

60 738 132 776 librum
142 738 237 775 baberent
245 740 279 775 -vel
294 738 397 786 pecuniam
410 737 514 775 unde²sibi
525 737 627 785 providere
639 742 727 786 possent,

60 808 153 843 volumus
160 806 214 853 quod
221 811 337 845 ,conventus
343 806 429 854 praedicti
438 816 533 853 expensas
542 806 692 845 accommodare
701 811 728 843 te-

61 878 223 922 neantursquem
235 879 304 913 casum·
316 886 351 923 pro
361 874 486 913 studentibus
495 879 549 912 extra
560 885 606 912 suas
619 875 728 922 provincias

61 942 157 980 instudiis
167 942 291 990 generalibus
300 942 429 980 existentibus
438 942 664 980 consimiliterduximus
673 943 729 982 inlel-

61 1011 169 1059 ligendum.
672 1015 674 1018 '
720 1045 722 1049 .

88 1079 134 1116 ltem
147 1078 166 1115 in
178 1078 292 1116 Rubricalll
309 1079 332 1116 de
345 1078 455 1127 hospitibus
472 1084 491 1116 et
507 1079 644 1117 itinerantibus
655 1078 729 1117 ubiidt-

60 1146 149 1197 citur:(r)
160 1147 199 1184 Nec
208 1147 264 1184 liceat
270 1147 371 1194 hospitibus
377 1158 409 1183 nec
420 1148 466 1184 ollis
472 1147 568 1196 fratribus
576 1147 615 1185 nisi
622 1149 645 1184 de
653 1148 729 1185 licentio

59 1215 223 1261 priorialoci‘etcz
236 1215 330 1252 addatur:
352 1216 381 1252 vel
404 1214 526 1263 praesidentis
549 1215 567 1251 in
580 1220 678 1253 conventu
690 1215 728 1253 sub

61 1295 119 1332 poena
131 1286 263 1332 'apostatarum
275 1283 388 1332 infligenda.
722 1318 724 1321 .

87 1353 133 1390 ltem
145 1352 176 1390 ·in
194 1352 275 1389 Rubrica
290 1352 307 1388 Χ
324 1352 348 1388 de
368 1351 526 1400 praedicatoribus
541 1357 560 1389 et
582 1352 728 1390 consessoribus

61 1420 81 1458 in
89 1421 127 1458 fine
136 1419 167 1471 (2)
179 1420 212 1458 ubi
227 1420 298 1457 dicitur
309 1420 386 1459 :Nullas
392 1420 466 1467 publice
478 1421 581 1467 protritae
587 1421 731 1467 praesummat

58 1493 115 1536 poetto
123 1488 219 1538 gravioris
227 1490 292 1535 cralpo,
305 1488 387 1544 addatur
397 1489 434 1526 sub
447 1499 505 1537 poezra
516 1488 629 1536 privationis
641 1488 695 1526 vocis
710 1493 729 1526 et

61 1556 104 1602 loci,
117 1556 154 1607 (et)
165 1557 246 1594 carceris
255 1557 303 1606 (Fol.
315 1557 360 1606 49²¹)
370 1556 548 1604 transgressoribus
558 1556 670 1605 infligenda,
683 1568 728 1596 cum

61 1637 85 1662 ex
96 1625 168 1662 talibus
181 1624 242 1665 ordini
255 1624 326 1673 saepius
342 1624 404 1673 possit
418 1625 531 1664 scandalum
543 1624 612 1662 venire
624 1637 646 1662 ac
661 1636 730 1673 grava-

61 1705 115 1732 men.
312 1697 313 1700 ’
460 1725 461 1728 ,
720 1728 723 1731 .

87 1763 133 1799 ltem
143 1761 163 1799 in
172 1761 292 1799 Rubricallll
303 1762 327 1799 de
337 1761 472 1799 calceamentis
481 1766 504 1798 et
509 1760 632 1799 vestimentis
639 1762 728 1799 addatur:

61 1830 115 1877 quod
127 1828 147 1866 in
160 1829 401 1877 visitationeprovincialis
414 1829 429 1866 si
441 1829 527 1866 inveniat
541 1830 616 1876 priores
631 1841 671 1867 suae
686 1833 730 1878 prlo-

61 1898 129 1935 vinciae
141 1909 175 1946 pro
187 1898 318 1936 conventibus
330 1897 401 1936 utiliter
413 1898 518 1941 laborasse,
532 1897 634 1935 ordinandi
649 1903 668 1936 et
682 1897 731 1936 assi-

62 1966 138 2015 gnandi
153 1967 266 2004 vestiarium
278 1966 333 2004 dictis
348 1967 445 2015 prioribus
460 1967 514 2012 juxta
528 1978 596 2005 eorum
612 1967 698 2004 laborem
711 1972 731 2004 et

62 2036 196 2073 conuentuum
208 2036 323 2072 facultatem
328 2036 407 2073 liberam
420 2035 488 2072 babeat
498 2035 623 2083 potestatem.
668 2038 679 2072 ζ,

88 2105 134 2141 ltem
152 2104 170 2141 in
183 2104 266 2142 Rubrica
278 2105 313 2141 Xlll
327 2105 351 2141 de
369 2103 477 2152 receptione
492 2103 613 2141 novitiorum
631 2104 729 2141 addatur:

63 2172 156 2220 quoniam
169 2172 225 2210 multi
237 2172 325 2209 incidunt
334 2172 467 2222 symoniacam
481 2172 570 2209 lraeresim
584 2184 607 2210 ex
621 2172 730 2221 ignorantia

83 2316 105 2358 li]
112 2326 133 2350 n.
144 2316 158 2349 3.

85 2374 107 2417 [a]
119 2385 137 2406 n.
149 2385 174 2417 17.
