1631 2703
284 120 377 149 -nuamca
390 120 432 154 xxxi
673 118 697 158 95

31 194 64 239 do,
78 194 117 232 'sub
130 196 190 243 poena
199 194 293 244 gravioris
307 196 375 245 culpae,
390 196 481 243 quotiens
498 193 517 231 in
529 193 566 231 hoc
577 192 650 231 fuerint
666 192 699 230 de-

31 263 134 310 prehensi:

31 347 32 352 ¹
59 342 77 378 5.
93 331 213 370 semitranes
225 336 290 370 autern
303 330 577 381 profiteanturobedientiam‚
590 330 698 367 castitatem

31 406 50 437 et
63 400 105 437 sine
116 401 196 449 proprio
208 401 272 438 vivere
286 411 350 448 usque
359 400 383 437 ad
392 404 475 436 mortem
489 399 591 441 inclusive,
604 404 623 435 et
634 398 700 435 dicant

32 468 90 506 boras
101 479 147 506 suas
159 468 210 506 sicut
220 468 251 505 alii
263 470 331 506 fratres
344 456 385 505 laici
401 471 419 504 et
432 467 516 504 babeant
530 466 619 504 habitum
632 465 701 504 distin-

32 542 85 573 ctum
95 537 119 574 ab
131 537 172 574 aliis
182 537 279 580 tratribus,
291 536 332 574 scil.
342 536 419 573 tunicas
428 536 502 584 griseas
511 546 575 583 usque
583 535 607 571 ad
616 534 700 572 mediam
712 552 718 558 -

32 604 99 642 tibiam
109 605 250 643 descendentes
262 610 281 642 et
288 605 390 642 tabardum
398 604 484 652 griseum
491 608 511 641 et
518 603 617 651 caputium
625 613 702 651 separa-

32 673 110 720 tum,de
119 674 188 711 eodem
196 676 291 722 panno,et
298 673 428 710 calceamenta
435 671 524 720 liganda,
532 671 582 709 sicut
588 671 618 708 alii
625 671 700 716 fratres,

33 742 85 779 etad
96 732 198 779 arbitrium
208 741 277 790 prioris
286 741 422 789 ingrediantur
430 745 450 778 et
460 740 585 789 egrediantur
595 744 618 777 ut
626 740 701 786 famuli,

33 814 52 847 et
65 810 166 847 mittantur
174 809 210 848 soli
220 810 248 848 vel
258 810 377 853 cumfratre,
387 809 480 858 quotiens
490 809 549 857 priori
560 808 658 846 videbitur
669 819 702 845 ex·
759 814 761 818 ’

34 879 105 927 pedire,
120 878 168 916 etin
181 878 255 917 mensis
266 882 285 916 et
300 877 341 916 aliis
353 877 400 916 locis
410 876 482 916 clericis
494 882 513 915 ct
525 877 658 915 sacerdotibus
669 877 703 914 de-

33 948 96 984 serant
107 947 127 984 in
140 947 233 985 sedendo.

118 1064 178 1102 Ruan.
192 1064 366 1101 XXXl.l)ecuu³1s
377 1073 400 1101 er
411 1058 468 1101 anino
477 1074 500 1101 oe
512 1073 620 1101 APOSTnTls.

36 1172 40 1190 ³
65 1198 81 1226 r.
96 1187 222 1236 Quicumque
233 1187 257 1224 de
272 1187 302 1224 die
314 1187 462 1230 contumaciter,
475 1188 488 1225 i.
502 1199 519 1226 e.
534 1192 602 1225 contra
619 1198 704 1236 praecep-

34 1256 78 1312 tum
93 1255 189 1294 directum
203 1268 226 1293 ac
237 1256 319 1305 speciale
328 1256 358 1294 sui
368 1256 474 1305 superioris
485 1261 538 1294 extra
549 1261 604 1304 septa
616 1256 653 1294 loci
673 1257 704 1294 vel

35 1323 84 1374 (Fol.
95 1325 144 1374 jib)
156 1324 180 1362 de
193 1329 251 1362 nocte
262 1324 305 1363 sine
317 1324 394 1363 licentia
406 1324 520 1373 superioris,
537 1336 581 1363 curn
594 1325 662 1363 babitu
674 1326 704 1363 vel

36 1384 78 1430 sine
94 1392 167 1438 babitu,
186 1394 240 1432 solus
255 1394 285 1431 vel
299 1405 344 1431 cum
363 1394 423 1438 socio,
440 1379 489 1431 cum¹
505 1393 597 1432 scandalo
614 1395 644 1431 vel
661 1394 704 1432 sine

36 1461 136 1506 scandalo,
149 1461 235 1506 exiverit,
246 1462 290 1500 licet
297 1462 364 1499 eadem
373 1462 405 1500 die
413 1463 443 1500 vel
453 1458 510 1500 nocte
519 1462 602 1507 redierit,
616 1467 704 1510 apostata

36 1530 144 1575 censeatur,
158 1530 195 1569 nisi
207 1541 300 1568 excausa
312 1530 419 1568 rationabili
434 1531 491 1579 vadat
502 1530 526 1568 ad
539 1531 631 1580 majorem
644 1542 703 1569 suum

36 1599 114 1653 directe·
125 1604 144 1649 et
153 1600 190 1636 hoc
198 1599 313 1647 asuperiore
323 1611 359 1637 suo
367 1600 480 1637 immediato
490 1599 509 1637 in
520 1600 622 1648 praesentia
630 1600 705 1649 aliquo-

37 1678 80 1705 rum
91 1668 148 1715 petita
155 1669 209 1716 prius
218 1668 301 1712 licentia,
313 1669 357 1706 licet
364 1665 404 1705 non
414 1668 500 1711 obtenta,
509 1680 568 1716 quam
575 1680 654 1706 causam
662 1670 705 1706 iore

37 1736 169 1774 rationabilem
188 1738 218 1775 vel
235 1737 301 1775 minus
313 1737 442 1775 sufficientem
455 1737 507 1786 prior
521 1737 617 1786 generalis
626 1738 657 1775 vel
668 1738 705 1775 dit-

37 1801 125 1844 finitores
141 1806 218 1854 capituli
233 1806 356 1855 provincialis
372 1807 456 1844 habeant
473 1807 576 1851 declarare,
599 1811 704 1855 antequam

37 1874 80 1912 talis
97 1876 120 1912 ad
135 1881 190 1914 actus
202 1875 308 1925 legitimos,
320 1881 341 1914 ut
358 1881 404 1925 puta
421 1877 445 1913 ad
457 1876 571 1914 electionem
583 1877 704 1920 canonicam,

37 1936 98 1982 active
110 1945 140 1982 vel
150 1944 232 1993 passive,
243 1956 277 1983 seu
287 1957 352 1983 curam
362 1945 479 1989 animarum,
491 1945 551 1983 modo
561 1946 626 1993 aliquo
636 1946 707 1983 admit-

38 2017 97 2050 tatur.
111 2025 129 2052 2.
142 2014 165 2052 Et
176 2013 241 2052 omnis
252 2019 340 2063 apostata
352 2014 427 2062 sitipso
439 1999 490 2052 facto
500 2015 542 2052 loco
555 2019 573 2052 et
585 2025 632 2052 voce
644 2005 707 2062 priva-

37 2086 77 2126 tus,
87 2087 106 2120 et
115 2094 148 2131 per
157 2094 303 2131 quemcumque
312 2084 414 2132 praelatum
425 2095 459 2121 seu
469 2083 589 2132 superiorem
597 2083 669 2121 ordinis
676 2084 706 2122 vel

20 2159 21 2162 ’
39 2156 156 2197 conventus,
166 2163 208 2189 suae
219 2153 248 2189 vel
256 2153 333 2190 alterius
340 2152 450 2201 provinciae,
461 2152 529 2190 carceri
538 2152 665 2200 mancipetur,
673 2152 706 2190 ubi

38 2219 137 2269 affligatur
146 2221 254 2259 secuudum
262 2210 300 2260 sua
312 2221 411 2266 demerita,
425 2226 483 2269 prout
494 2221 574 2259 inferius
586 2220 704 2259 continetur.

39 2288 61 2325 Et
69 2289 132 2336 captio
144 2290 195 2328 illius
207 2301 246 2328 una
258 2301 302 2328 cum
315 2290 452 2328 informatione
461 2301 518 2327 casus
530 2290 618 2339 ejusdem
631 2301 665 2338 per
678 2295 707 2327 ta-

40 2358 78 2394 lem
88 2359 209 2407 superiorem
219 2359 277 2408 priori
287 2359 397 2408 provinciali
407 2370 443 2397 suo
453 2359 510 2396 citius
522 2370 562 2407 quo
574 2358 615 2396 fieri
628 2360 705 2407 poterit,
