1616 2703
308 96 332 124 DE
353 96 370 125 S.
391 95 469 126 crnrtto

291 225 311 264 3.
321 214 349 253 De
361 213 381 253 S.
394 213 484 253 Crmuo.

76 330 136 369 Notat
146 330 241 370 Sanvicus
253 331 273 369 in
293 331 386 369 chronico
398 332 428 369 De
449 330 608 379 multiplicatione
629 330 729 382 religionis

51 400 200 439 Cornrelilorrrm
208 413 216 439 :
224 401 345 450 «Propterea
353 400 433 449 quidem
441 400 504 439 voluit
511 400 570 446 Deus,
577 400 629 438 sieut
636 400 728 439 revelavit

50 469 108 507 bento
120 469 289 520 Cyrilloeremilae
301 469 376 507 montis
393 469 484 514 Carmeli,
498 469 553 518 quod
573 469 593 507 in
613 469 728 508 novissimis

50 539 121 578 diebus
132 538 175 578 istis
189 539 223 578 viri
236 539 357 578 diversarum
370 539 474 577 nationum
493 539 633 589 profiterentur
652 550 727 578 sacram

51 609 101 646 hane
112 608 236 659 religionem,
248 612 270 647 ut
279 620 324 647 eum
337 608 439 647 adveniret
453 608 564 658 persecutio
576 613 728 658 propterquam

15 680 17 684 ’
51 683 151 728 oporteret
160 690 195 718 eos
204 679 228 717 de
237 678 294 717 Terra
309 679 377 717 Sancta
387 679 462 729 fugere,
484 683 540 717 tanto
553 679 660 728 patientius
679 680 729 718 tole-

51 753 117 787 rarent
126 748 240 797 religionem
251 749 308 787 istam
315 749 340 787 de
348 753 399 787 terra
407 748 439 786 illa
449 748 548 793 eradicari,
559 754 635 798 quanto
644 749 729 798 amplius

51 830 74 857 ex
83 819 121 857 hoc
129 818 268 857 viderenteam
278 818 297 857 in
307 818 390 857 diversis
403 818 473 857 mundi
485 818 600 867 regionibus
612 823 631 857 et
643 818 729 857 maxime

51 888 71 926 in
81 888 122 927 suis
132 888 216 938 propriis
225 888 339 927 nationibus
357 887 457 938 copiosius
473 887 605 938 multiplicari,
625 887 676 927 sicut
695 899 730 938 per

50 958 130 996 beatum
140 957 235 1008 Cyrillum
246 957 273 996 eis
283 957 395 1007 prophetice
408 957 504 1007 praedixit.
515 970 527 997 »
539 956 571 1009 (1)

77 1027 130 1066 Nihil
139 1027 191 1065 aliud
204 1027 227 1065 de
238 1027 258 1066 S.
269 1027 341 1079 Cyrillo
350 1028 448 1066 autentice
460 1032 531 1066 notum
543 1031 580 1072 est,
594 1038 660 1077 neque
671 1028 729 1077 cujus

51 1097 118 1146 patriae
130 1102 149 1136 et
156 1097 236 1147 generis
246 1097 311 1146 fuerit,
323 1109 386 1147 neque
396 1102 444 1146 quot
455 1096 513 1136 annis
525 1097 620 1136 Ordinem
632 1098 730 1147 guberno-

51 1166 100 1205 verit
114 1168 144 1205 vel
154 1178 195 1216 quo
203 1172 293 1216 tempore
302 1173 394 1206 mortuus
406 1167 439 1206 sit.
449 1167 500 1213 Qria
509 1178 556 1205 vero
565 1167 676 1206 secundum
683 1178 729 1217 pro-

50 1236 165 1275 babiliorem
186 1240 300 1286 temporum
313 1236 409 1275 rationem
421 1236 440 1275 S.
462 1236 632 1275 Brocarduscirca
652 1248 728 1276 annum

54 1317 88 1358 123
92 1317 103 1356 ,³
115 1306 155 1344 vita
164 1307 244 1345 functus
254 1306 347 1352 creditur,
358 1307 428 1345 eodem
440 1306 471 1344 vel
480 1305 570 1355 sequenti
582 1311 635 1345 a'nno
652 1305 730 1346 videtur

51 1375 135 1426 Cyrillus
142 1376 162 1414 in
172 1375 256 1425 priorem
267 1376 342 1415 montis
351 1375 435 1415 Carmeli
444 1381 561 1426 assumptus
570 1386 574 1424 3
583 1381 602 1415 et
613 1388 668 1423 cum,
678 1381 730 1416 teste

51 1444 121 1484 eodem
130 1445 220 1490 Sanvico,
229 1445 337 1496 capitulum
348 1457 388 1496 quo
396 1446 495 1495 aliquibus
506 1446 597 1484 iratribus
606 1446 682 1485 licentia
691 1445 729 1485 alio

32 1508 38 1519 '
51 1515 204 1565 transmigrandi
214 1526 308 1554 concessa
320 1516 363 1561 fuit,
371 1517 466 1565 (quarum
479 1514 622 1565 migrationum
635 1516 698 1566 prima
709 1515 729 1554 in

51 1596 127 1623 annum
143 1596 190 1635 1235
199 1586 336 1635 ponendaest)
347 1584 378 1636 (2)
385 1596 397 1624 «
404 1590 449 1635 post
456 1590 541 1624 mortem
549 1585 614 1637 Cyrilli
623 1598 635 1625 s>
645 1586 730 1624 celebro-

51 1659 97 1705 tum
104 1655 168 1699 fuerit,
179 1655 256 1694 videtur
268 1655 397 1694 solummodo
404 1665 439 1705 per
450 1666 514 1694 unum
524 1656 554 1694 vel
562 1656 645 1694 alterum
652 1667 728 1694 annum

52 1725 136 1773 priorem
146 1725 218 1775 egisse.
229 1725 342 1764 Secundum
356 1737 402 1765 vero
414 1725 518 1775 legendam
531 1725 621 1764 breviarii
643 1725 662 1764 in
685 1727 729 1776 ejus

31 1813 33 1815 ·
51 1795 103 1833 festo
111 1794 180 1844 viginti
191 1800 267 1845 septem
277 1807 341 1834 annos
353 1795 449 1834 Ordinem
462 1794 517 1843 rexit,
537 1796 648 1834 seeundum
660 1801 727 1834 autem

52 1864 223 1915 Palaeonydorum,
235 1865 328 1904 Lezannm
339 1870 358 1904 et
365 1865 413 1904 alios
423 1876 458 1915 per
468 1869 516 1903 tres.
527 1864 601 1904 Verum
611 1866 678 1904 omnia
686 1866 729 1904 haec

53 1944 93 1972 non
105 1945 129 1973 ex
138 1934 225 1984 quodam
235 1935 355 1974 documento
367 1936 431 1986 (quod
443 1933 508 1986 abest)
518 1935 553 1974 sed
565 1947 589 1974 ex
597 1936 671 1975 calculo
684 1936 728 1986 plus

53 2003 119 2043 minus
131 2008 222 2043 accurato
230 2005 353 2044 hauriuntur.

74 2137 97 2179 (r)
111 2137 183 2180 Specul.
197 2136 275 2170 Carmel.
286 2137 300 2179 Ι,
313 2136 341 2180 98,
354 2147 372 2170 n.
382 2139 423 2179 416.

75 2200 96 2240 ln)
108 2198 166 2240 Supra
177 2197 196 2230 P.
205 2196 244 2230 213.
