1616 2703
287 116 310 143 pr
321 115 387 143 nouae
396 115 485 143 canneto
682 107 718 155 283

46 194 109 231 Deum
119 190 190 228 devote
204 195 293 229 orantem
306 190 436 238 invenerunt;
451 201 538 239 cumque
547 201 618 228 omnes
630 190 721 228 submer-

45 261 64 311 gi
73 259 208 299 indubitanter
217 260 325 303 crederent,
333 271 449 308 campanam
460 259 574 297 monasterii
584 261 666 297 fratrum
675 259 721 296 bea-

45 336 71 369 tae
81 328 147 367 Mariae
159 329 184 366 de
203 334 271 367 monte
283 329 367 367 Carmeli
382 340 417 377 pro
433 329 535 367 matutinis
547 329 635 366 dicendis
648 340 721 366 sonan-

46 397 118 437 tem'in
127 397 208 436 auribus
217 397 259 436 suis
269 408 361 436 resonare
373 403 486 436 senserunt.
500 399 543 443 Qua
555 398 620 435 audita
633 397 677 446 pius
687 408 721 435 rex

46 468 102 516 cujus
114 466 151 504 loci
163 477 257 516 campana
272 471 324 504 esset
339 467 459 504 nauarchum
474 467 576 516 diligenter
586 467 718 515 interrogans,

45 548 88 574 eam
100 546 143 573 esse
155 536 269 573 monasterii
282 537 363 573 fratrum
376 536 437 573 beatae
449 536 515 573 Mariae
524 536 548 572 de
558 540 626 573 monte
636 535 720 573 Carmeli

45 617 69 644 ex
81 603 171 643 nauarchi
193 615 290 654 responso
302 604 395 654 percepit.
409 604 545 643 indevotione
557 616 605 654 ergo
617 603 720 642 Genitricis
782 642 784 645 ,

46 675 80 712 Dei
91 685 186 712 accensus
196 685 229 712 rex
238 676 280 723 eJ'us
292 674 435 712 monasterium
444 679 492 712 tunc
504 675 582 712 visitare
592 673 690 722 promisit,
704 673 720 711 si

46 744 88 793 ipsa
99 743 123 781 ab
135 743 166 781 illa
178 743 233 793 gravi
245 748 362 793 tempestate
374 754 420 781 eum
437 755 483 782 cum
496 743 539 781 aliis
550 743 646 781 liberaret¹
659 743 722 781 Tran-

46 813 141 862 quillitate
150 824 198 863 ergo
212 814 255 862 ejus
269 813 343 852 meritis
357 819 376 852 et
388 814 478 862 precibus
490 814 510 852 in
526 813 574 851 mari
592 813 659 851 subito
672 813 721 850 iacta

46 883 102 920 Beata
114 881 172 919 Maria
185 893 219 920 eos
233 894 243 919 a
256 882 349 931 praedicto
369 880 439 921 mortis
457 883 543 931 periculo
559 882 659 924 liberante,
673 892 720 919 mox

47 950 100 989 mitis
116 962 150 989 rex
161 950 180 989 in
199 956 288 989 montem
309 951 422 990 Carmelum
434 951 543 990 ascendens
556 951 663 990 matutinas
683 951 721 988 ira-

46 1025 100 1059 trum
112 1031 238 1070 magnacum
250 1020 357 1059 devotione
369 1020 450 1059 audivit.

74 1102 85 1128 <r
97 1090 174 1135 Qribus
181 1090 238 1128 dictis
245 1090 290 1139 pius
299 1102 332 1128 rex
340 1091 405 1129 locum
412 1091 467 1129 illum
475 1090 576 1129 humiliter
582 1091 721 1139 contemplans

46 1172 68 1198 ac
81 1160 220 1209 praedictorum
231 1161 314 1198 fratrum
329 1160 387 1199 titulo
399 1160 460 1199 beatae
472 1160 537 1198 Mariae
549 1160 636 1210 Virginis
645 1159 665 1198 in
677 1164 720 1197 toto

46 1230 93 1267 orbe
106 1234 203 1268 terrarum
220 1229 286 1278 quoad
301 1229 380 1268 ordines
397 1230 517 1279 approbatos
531 1230 657 1279 singulariter
673 1229 721 1267 insi-

45 1299 147 1348 gnitorum
164 1300 216 1337 fama
228 1298 319 1338 laudabili
331 1304 351 1337 et
368 1299 495 1349 religiositate
506 1304 609 1349 permotus
621 1299 720 1348 quosdam

45 1379 113 1406 eorum
132 1368 210 1414 natione
222 1368 302 1417 gallicos
314 1380 324 1406 a
336 1369 400 1418 priore
419 1366 450 1421 (1)
462 1368 507 1407 dicti
519 1369 633 1408 monasterii
654 1373 721 1418 postu·

45 1438 98 1483 lavit,
108 1438 142 1487 qui
157 1437 201 1476 ideo
215 1438 353 1476 desiderabant
365 1443 455 1477 sanctum
468 1450 535 1488 regern
552 1438 608 1487 sequi
622 1443 640 1476 et
653 1439 721 1487 sugere

45 1508 69 1546 de
86 1508 129 1546 loco
148 1507 181 1546 illo
200 1512 245 1546 ante
259 1508 328 1546 taciem
348 1508 510 1557 persequentium
527 1519 658 1558 paganorum,
675 1507 721 1554 quia

44 1582 124 1626 propter
135 1588 205 1626 graves
219 1588 342 1626 paganorum
365 1578 457 1616 incursus
466 1579 588 1627 .trequenter
606 1581 721 1626 oportuerat

45 1657 79 1685 eos
91 1647 185 1685 hactenus
198 1647 341 1685 monasterium
354 1646 403 1685 illud
418 1647 507 1685 deserere
520 1652 539 1685 et
554 1658 575 1685 se
588 1646 687 1685 interdum
700 1646 720 1684 in

45 1717 95 1754 saltu
111 1715 185 1754 montis
197 1700 281 1754 Carmeli
296 1716 424 1761 abscondere,
437 1716 537 1754 interdum
549 1716 628 1755 veroin
643 1716 721 1754 civitate

44 1784 134 1836 Cayphas
144 1796 165 1823 se
174 1785 279 1824 includere.
290 1787 346 1831 Quos
354 1797 437 1824 numero
449 1797 503 1825 sexa
515 1785 580 1836 priore
591 1786 628 1824 sibi
639 1797 721 1824 conces-

24 1887 26 1891 1
45 1866 78 1894 sos
91 1866 124 1893 rex
136 1866 203 1894 secum
216 1855 235 1893 in
247 1855 348 1894 Franciam
358 1856 421 1900 duxit,
435 1861 454 1894 et
466 1856 494 1894 eis
506 1856 525 1894 in
538 1856 615 1894 civitate
623 1867 659 1894 sua
673 1855 721 1893 Pari-

45 1924 86 1963 sius
99 1924 241 1964 monasterium
255 1925 358 1964 aedificavit
368 1925 406 1976 (2).
422 1926 460 1972 Qui
473 1925 521 1965 alios
533 1926 557 1964 ad
570 1937 626 1964 suam
643 1926 722 1975 religio-

68 2051 88 2095 (ri
102 2065 109 2083 1
120 2052 141 2085 G.
154 2052 204 2095 prior
213 2052 292 2085 Carmeli
302 2064 309 2082 1
321 2060 432 2085 memoratur
444 2052 462 2085 in
470 2052 570 2096 diplomate
586 2064 591 2085 1
603 2052 654 2086 Junii
670 2053 719 2095 1254.

46 2109 73 2144 Cf.
83 2110 190 2151 Roehricht,
200 2110 356 2150 Additamentum
367 2111 386 2143 Ρ,
397 2123 426 2155 74,
436 2122 454 2144 n.
464 2111 506 2144 1115
517 2122 533 2144 a.

65 2171 93 2221 (a)
105 2169 189 2203 Joinrille
197 2178 258 2203 narrat
268 2171 286 2203 S.
300 2169 415 2203 Ludovicum
424 2169 509 2204 fratribus
516 2170 619 2204 Carmelitis
628 2170 720 2214 providis-

44 2238 69 2270 se,
81 2239 102 2262 ac
110 2229 241 2263 habitationem
255 2240 312 2273 prope
326 2230 430 2274 Sequanam
440 2229 459 2263 in
471 2229 545 2273 regione
555 2229 603 2263 dicta
614 2230 721 2264 Charenton

45 2288 117 2330 emisse,
128 2288 201 2321 domum
208 2288 330 2322 construxisse
337 2299 357 2321 ac
365 2289 480 2331 vestimenta,
491 2288 555 2322 calices
562 2296 580 2321 et
586 2297 646 2322 cetera
658 2289 720 2322 omnia

45 2347 67 2379 au
77 2347 147 2380 cultum
159 2346 193 2380 Dei
203 2347 304 2380 necessaria
311 2347 386 2381 donasse
399 2349 426 2391 [L.
437 2349 451 2380 Ι,
463 2347 482 2381 P.
495 2347 540 2388 381).
552 2347 638 2391 Magister
647 2347 721 2381 Rober-

44 2412 73 2439 tus
82 2406 103 2439 de
113 2406 175 2440 Duaco
183 2416 214 2450 per
224 2413 353 2440 testamentum
365 2407 396 2449 (18
406 2406 450 2450 trraji
465 2405 688 2450 1258)1egavtttratribus
698 2407 720 2440 de
