1631 2703
96 114 121 162 78
355 124 517 154 consnrunones

97 199 185 238 vincialis
193 211 258 239 coram
267 199 512 250 praedictisdIffinitoribus
519 200 571 238 dicat
579 200 646 250 culpas
658 211 704 238 suas
716 204 735 238 et
741 205 772 238 ac*

97 270 210 309 cusationes
217 275 353 309 conventuum
362 270 428 309 audiat
441 275 460 309 et
471 270 609 320 poenitentiam
617 281 653 319 pro
658 269 772 308 commissis

98 340 177 389 recipiat
189 341 289 379 humiliter
299 346 318 379 et
329 341 407 380 devote.
421 341 443 379 Et
454 341 470 379 si
483 340 536 390 prior
548 340 672 390 provincialis
681 340 772 390 quicum-

98 422 136 459 que
145 410 229 460 partialis
236 410 355 457 inveniatur,
366 410 394 449 sic
403 410 457 460 quod
465 410 569 449 affectione
577 421 704 460 quacumque
711 410 773 460 depri-

98 485 140 519 mat
151 482 181 519 vel
190 492 230 519 non
241 476 435 530 promoveatbonos,
447 482 510 519 malos
524 485 590 519 autem
607 481 637 519 vel
650 480 717 519 minus
729 480 773 530 dig-

98 562 136 589 nos
148 555 264 600 promoveat
271 552 301 590 vel
309 552 386 597 exaltet,
396 551 490 590 volumus
498 551 553 600 quod
565 550 581 589 si
589 551 627 589 hoc
632 535 773 589 diffinitoribus
796 545 797 548 '

98 625 117 659 et
129 621 199 670 majori
208 633 229 658 ac
238 621 309 659 saniori
319 621 368 670 parti
378 621 457 670 capituli
465 625 529 671 pateat
538 620 644 666 evidenter,
655 620 692 670 ipsi
701 619 773 658 diffini-

99 695 153 729 tores
165 692 223 729 talem
237 691 375 740 provincialem
387 692 489 730 absolvere
500 695 611 729 teneantur.

129 772 159 800 12.
175 762 222 799 Item
236 761 252 799 si
264 761 404 800 diffinitoribus
414 766 432 799 et
444 761 512 811 majori
524 761 574 810 parti
586 760 665 810 capituli
676 760 772 806 videatur,

101 831 155 880 quod
168 831 221 880 prior
235 831 359 881 provincialis
371 832 419 869 tales
433 843 530 881 expensas
542 830 605 877 faciat,
619 842 654 880 per
666 842 716 880 quas
730 842 775 880 pro-

100 901 164 939 vincia
183 901 282 939 excessivo
295 906 314 939 et
326 901 437 939 notabiliter
452 901 478 939 sit
492 905 579 951 gravata,
598 900 643 939 dicti
658 900 775 939 diffinitores

100 971 158 1008 talem
171 970 310 1019 provincialem
323 971 425 1009 absolvere
437 975 547 1009 teneantur.
560 970 583 1008 Et
591 974 639 1008 tunc
650 974 715 1008 totum
725 962 776 1018 capi-

100 1041 165 1078 tulum
181 1040 300 1089 provinciale
313 1040 373 1078 alium
390 1040 483 1079 canonice
501 1040 566 1090 eligat,
589 1052 648 1089 quem
667 1039 776 1089 praesidens

101 1110 170 1148 habeat
178 1110 301 1148 confirmare.

131 1190 160 1230 13.
172 1179 225 1217 Prior
234 1184 300 1217 autem
310 1179 433 1228 provincialis
443 1190 482 1218 una
492 1191 537 1217 cum
548 1178 687 1217 diffinitoribus
697 1177 775 1228 capituli

101 1249 226 1298 provincialis
238 1250 305 1298 culpas
317 1249 358 1298 jam
373 1248 449 1287 auditas
461 1249 549 1298 priorum
564 1248 654 1287 localium
667 1253 686 1286 et
697 1259 776 1286 accusa-

101 1318 166 1357 tiones
178 1324 314 1358 conventuum
322 1319 362 1368 jam
372 1323 459 1368 receptas
469 1323 487 1356 et
497 1318 579 1357 aliorum
593 1319 673 1356 fratrum
684 1329 776 1356 excessus

103 1388 206 1433 notabiles,
220 1389 235 1427 si
246 1388 279 1437 qui
288 1388 362 1426 ibidem
372 1388 443 1426 fuerint
452 1387 570 1437 corrigendi,
584 1387 698 1426 examinent
707 1392 726 1425 et
735 1398 777 1437 poe-

103 1458 195 1496 nitentias
207 1458 234 1496 eis
246 1458 338 1508 injungat
350 1469 385 1507 pro
397 1457 517 1496 commissis.

134 1539 164 1576 14.
172 1528 271 1566 Volumus
286 1527 343 1565 etiam
356 1527 628 1576 quodprioresprovinciales
635 1531 654 1565 et
661 1525 778 1564 diffinitores

105 1597 183 1646 possint
192 1597 251 1634 libere
261 1596 336 1646 priores
348 1597 419 1634 locales
430 1587 532 1634 absolvere
544 1600 563 1634 et
574 1595 623 1634 alios
635 1595 737 1634 instituere
749 1606 780 1633 se-

104 1667 193 1705 cundum
208 1666 261 1715 quod
273 1666 300 1704 eis
312 1665 412 1705 videbitur
424 1666 521 1715 expedire.
538 1666 585 1704 ltem
600 1666 667 1704 nullus
679 1664 732 1714 prior
743 1676 778 1714 pro

105 1736 146 1775 suis
158 1735 258 1774 demeritis
274 1735 394 1774 notabilibus
406 1739 425 1773 et
439 1735 537 1784 praecipue
549 1734 669 1773 scandalosis
682 1734 702 1772 in
713 1733 780 1773 visita-

104 1805 158 1844 tione
172 1806 317 1855 cujuscumque
328 1804 452 1854 praesidentis
464 1815 499 1843 seu
514 1804 534 1842 in
546 1803 660 1854 provinciali
672 1803 757 1853 capitulo
769 1815 780 1841 a

105 1887 143 1914 suo
155 1875 259 1913 absolutus
271 1873 320 1924 (Fol.
334 1874 383 1923 25b)
394 1873 466 1918 officio,
486 1874 506 1911 in
520 1874 589 1911 eodem
608 1878 640 1911 aul
657 1873 677 1911 in
690 1872 780 1922 sequenti

105 1944 191 1994 capitulo
200 1944 220 1982 in
235 1944 305 1982 eodem
315 1944 359 1981 loco
374 1944 405 1982 vel
415 1942 459 1981 alibi
471 1954 505 1992 per
515 1954 663 1992 quemcumque
674 1942 779 1991 prioretur.

110 2025 139 2064 15.
155 2015 203 2053 ltem
216 2013 322 2052 statuimus
335 2013 389 2061 quod
399 2013 464 2050 nullus
474 2012 508 2061 qui
517 2012 537 2050 in
546 2012 605 2050 sacris
617 2011 727 2050 ministrare
739 2023 780 2050 non

107 2085 159 2123 valet
170 2084 195 2121 ad
206 2094 273 2121 curam
282 2082 392 2120 animarum
406 2081 529 2130 aliquatenus
540 2087 659 2120 assumatur.

137 2151 167 2192 16.
181 2153 257 2191 Debent
266 2152 324 2190 etiam
337 2151 415 2200 negotia
425 2150 558 2200 provinciaein
570 2151 654 2200 capitulo
667 2149 782 2200 provinciali

108 2222 226 2272 pertractari,
241 2221 312 2271 corrigi
325 2225 344 2259 et
356 2220 448 2266 ordinari,
461 2225 481 2258 et
490 2225 583 2270 poterunt
592 2220 664 2258 ibidem
677 2219 784 2258 ordinatio-

109 2304 144 2331 nes
162 2292 268 2342 provinciae
283 2290 391 2340 specialiter
405 2290 526 2335 necessariae,
536 2291 625 2340 Regulae,
644 2289 750 2339 privilegiis
764 2294 783 2327 et

109 2361 286 2401 constitutionibus
294 2360 372 2410 capituli
381 2360 477 2410 generalis
487 2371 527 2399 non
539 2359 647 2404 contrariae,
659 2357 752 2397 constitui
764 2362 784 2397 et

109 2432 201 2478 ordinari,
213 2432 236 2471 ad
244 2431 311 2470 minus
320 2430 344 2469 de
351 2430 437 2480 capitulo
443 2430 468 2469 acl
474 2429 695 2480 capitulumduraturae.
709 2438 738 2478 17.
747 2428 784 2467 Po-
