1631 2703
297 91 376 119 nubulca
390 90 430 118 Xllll
662 88 697 127 109

31 168 53 202 ut
65 169 172 214 cognoscat
187 177 207 204 se
220 164 244 202 ita
257 170 420 214 sequestratuma
432 163 531 203 consortio
549 163 631 202 aliorum
644 164 699 213 quod

30 233 123 282 privetur,
134 234 170 272 nisi
179 246 212 283 per
221 234 358 282 penitentiam
368 234 440 278 redeat,
450 233 566 271 aconsortio
573 234 697 281 angelorum.

30 302 71 357 lpse
82 306 147 340 tamen
160 303 219 351 prior,
230 313 255 340 ne
269 302 288 339 in
302 302 457 351 desperationem
475 301 513 339 labi
529 301 598 349 possit
618 301 698 350 quando

31 371 68 409 sibi
80 371 177 409 videbitur
184 372 281 420 expedire,
292 371 356 409 mittat
365 371 387 408 ad
400 383 445 408 euna
455 371 523 408 fratres
532 370 656 409 discretiores
666 370 699 419 qui

32 452 77 478 eum
102 445 196 478 moneant
213 445 232 477 et
253 441 363 493 confortent
387 440 411 477 ad
429 438 539 476 laciendum
564 438 699 487 poenitentiam

34 520 90 547 suam
100 508 199 547 humiliter
211 514 230 546 et
239 509 317 546 devote.

36 626 38 629 Ι
60 588 79 624 4.
92 578 130 616 Nec
144 577 188 615 talis
203 577 297 625 quamdiu
310 576 366 614 luerit
378 576 397 613 in
412 586 470 624 poena
482 575 577 624 gravioris
589 576 652 625 culpae
669 576 700 613 vel

34 645 157 695 gravissimae
168 645 309 688 communicet,
321 656 357 683 nec
371 644 394 681 ad
412 644 502 682 osculum
518 644 570 692 pacis
582 644 652 689 veniat,
671 645 701 682 vel

33 715 133 752 ecclesiam
151 713 277 763 ingrediatur,
297 725 332 751 nec
346 714 384 751 ulla
398 712 434 751 sibi
447 712 581 751 committatur
593 713 702 751 obedientia

34 787 82 828 antei
100 781 204 831 plenariam
227 781 378 820 satisfactionem
399 780 514 829 hujusmodi
529 781 651 829 poenitentiae
665 781 701 819 sibi

33 851 133 900 injunctae.
144 850 183 888 Nec
191 850 279 888 electioni
289 849 345 887 alicui
353 849 429 887 intersit
438 850 468 886 vel
478 848 572 898 legitimis
584 849 659 888 actibus
669 861 703 887 cu·

34 907 153 967 luscumque
168 918 253 967 capituli.
266 918 304 956 Sed
316 918 332 955 si
348 918 463 956 electionem
480 917 565 965 aliquam
586 919 644 956 tratre
663 918 703 956 exi·

35 991 98 1025 stente
112 987 132 1024 in
143 986 176 1024 tali
188 986 302 1035 poenitentia
315 986 424 1024 necessario
435 985 475 1023 fieri
488 990 583 1034 oporteat,
593 991 627 1025 aut
635 987 702 1024 electio

35 1055 134 1101 differatur
145 1065 209 1103 usque
221 1055 244 1091 ad
256 1054 393 1103 poenitentiam
406 1053 519 1102 hujusmodi
531 1055 656 1103 completam,
669 1060 703 1092 aut

35 1125 94 1168 trater
103 1124 215 1169 relevetura
225 1122 339 1171 poenitentia
354 1127 373 1159 et
382 1122 457 1160 intersit
466 1122 561 1165 electioni,
575 1127 594 1160 et
608 1123 656 1160 lacta
665 1124 704 1160 ele-

36 1192 100 1229 ctione
112 1195 230 1239 reponatur;
245 1191 387 1238 cujuscumque
399 1190 457 1228 officii
470 1190 528 1228 tuerit
538 1192 569 1228 vel
580 1192 653 1239 gradus
667 1192 704 1229 du-

36 1264 91 1297 rante
103 1258 218 1308 poenitentia
230 1269 266 1296 suo
278 1258 342 1296 officio
354 1269 394 1295 non
406 1260 506 1306 fungatur.
520 1269 538 1307 5.
552 1259 579 1296 llll
590 1263 656 1296 autem
669 1271 703 1308 per

35 1338 121 1376 quorum
131 1338 223 1365 excessus
235 1327 302 1375 religio
312 1332 378 1365 nostra
387 1327 407 1364 in
417 1328 489 1365 saeculo
502 1327 612 1370 notabiliter
623 1329 704 1366 scanda-

36 1397 90 1433 lizata
98 1396 162 1441 fuerit,
173 1407 253 1444 poenam
263 1394 375 1444 praedictam
384 1395 468 1432 totaliter
480 1395 591 1442 sustineant
600 1400 619 1433 et
628 1397 653 1434 ad
662 1408 705 1434 orn-

35 1476 70 1512 nes
81 1452 139 1502 horas
151 1469 195 1501 ante
207 1469 284 1512 portam
296 1465 326 1500 vel
338 1463 411 1501 ostium
424 1464 502 1502 oratorii
514 1464 631 1503 intrantibus
643 1466 704 1503 iratri-

35 1533 73 1569 bus
81 1537 100 1569 et
111 1532 227 1569 exeuntibus
242 1532 333 1579 prostrati
341 1532 424 1579 jaceant,
438 1543 479 1569 non
496 1532 585 1569 obstante
600 1533 702 1580 praesentia

36 1600 134 1647 saecularis
142 1600 173 1637 vel
182 1600 267 1637 extranei
277 1600 427 1648 cujuscumque.

142 1716 203 1755 Runa.
218 1716 276 1754 xtlll.
291 1716 319 1753 Da
331 1726 384 1754 amul
396 1727 513 1756 oravisslua
524 1728 594 1756 cotra.

67 1844 83 1870 1.
102 1831 221 1871 Gravissima
234 1833 291 1881 culpa
302 1837 332 1870 est
351 1832 507 1881 incorrigibilitas
522 1833 565 1882 ejus
583 1834 616 1883 qui
636 1836 704 1884 culpas

40 1912 80 1939 non
92 1901 148 1939 timet
162 1900 292 1945 committere,
307 1905 326 1938 et
334 1901 468 1950 poenitentiam
478 1908 554 1940 recusat
561 1904 629 1947 tacere,
639 1910 705 1942 contra

38 1981 98 2019 quem
107 1969 151 2006 data
163 1967 258 2006 sententia
267 1981 277 2005 a
286 1968 350 2017 priore
357 1969 442 2018 generali
452 1961 482 2008 vel
494 1970 607 2019 provinciali
616 1973 645 2009 vel
655 1973 705 2021 capi-

37 2039 79 2077 tulo
90 2036 174 2087 generali
189 2037 219 2075 vel
231 2031 350 2085 provinciali,
364 2039 432 2076 carceri
446 2039 568 2088 mancipetur
579 2040 599 2077 in
614 2052 637 2079 eo
650 2053 705 2078 man-

37 2117 104 2150 surusv
116 2105 210 2154 quadeu
224 2105 282 2154 priori
297 2106 381 2155 generali
396 2108 426 2145 vel
438 2108 549 2156 provinciali
566 2109 631 2147 visum
648 2110 705 2148 luerit

38 2175 135 2225 expedire.
151 2185 170 2211 2.
186 2173 311 2223 Qaicumque
331 2180 396 2212 autem
409 2176 464 2223 (Fol.
480 2175 527 2227 joa)
541 2177 561 2215 in
578 2189 705 2227 quocumque

38 2244 119 2283 crimine
128 2243 213 2291 relapsus
225 2243 289 2287 tuerit,
302 2254 342 2291 quo
354 2245 397 2281 loco
409 2249 428 2282 et
439 2256 486 2282 voce
497 2251 566 2290 careat,
578 2246 706 2291 incarceretur

40 2325 75 2365 pro
85 2314 161 2361 relapsu
170 2311 232 2349 donec
240 2322 274 2359 per
282 2311 388 2360 capitulum
396 2314 488 2362 generale
500 2313 650 2353 misericorditer
658 2316 706 2353 libe-
