1631 2703
82 116 117 143 102
330 116 488 155 consrrrunouas

78 200 132 228 sores
146 201 192 228 vero
210 192 253 229 loco
273 195 292 228 et
310 202 358 229 voce
375 189 423 241 (Fol.
436 202 460 241 33
473 188 495 240 b)
512 189 552 228 sint
572 188 640 238 privati
660 200 683 227 eo
695 188 745 239 ipso.

80 269 99 308 3.
110 258 157 296 ltem
168 259 281 306 statuimus,
294 259 349 307 quod
371 259 437 297 nullus
449 257 572 308 pertinaciter,
581 257 675 307 impediat
686 269 749 296 corre-

78 327 163 365 ctionem
175 328 204 365 vel
213 329 284 377 alleget
295 333 361 366 contra
369 327 461 376 priorem,
480 327 534 376 quod
551 337 574 365 ex
586 326 631 365 odio
643 328 673 365 vel
683 327 749 364 favore

79 396 177 444 procedat,
190 396 309 434 criminosos
321 396 421 434 liberando
427 396 578 434 velinnocentes
590 396 747 442 condemnando,

80 465 189 513 quominus
204 466 228 503 ad
244 466 383 504 correctionem
402 465 525 514 procedatur,
544 465 655 503 dummodo
675 464 749 502 crimen

81 533 138 570 tuerit
148 533 368 583 manifesteprobatum,
381 533 418 571 sub
426 544 486 582 poena
495 533 535 578 tali,
545 533 622 582 qualem
633 544 677 571 reus
684 532 750 570 subire

81 600 177 652 debetre)t
189 613 212 639 eo
221 602 271 651 ipso.
285 612 304 649 4.
313 603 359 639 ltem
372 602 484 645 statuimus,
495 601 549 650 quod
558 601 678 650 quicumque
690 600 750 649 impe-

81 669 110 707 dit
119 669 240 718 pertinaciter
251 671 398 718 inquisitionem
406 671 436 708 vel
446 670 593 714 correctionem,
605 670 672 718 perdat
684 670 749 707 locum

83 742 102 776 et
113 749 181 777 vocem
191 750 214 776 eo
226 739 283 777 facto.

150 865 211 903 Rossn.
222 864 297 902 XXXV.
310 864 337 902 De
347 874 525 907 munorumvnnus,
537 874 685 903 birraulnriuus

239 941 262 971 ar
273 943 388 976 oteramus,
399 930 553 983 sunivmn(nu)s
562 943 599 970 ois-

302 1011 384 1038 conunu
396 1011 419 1038 ur
429 1010 529 1039 urioiosis.

116 1127 133 1154 i.
149 1115 167 1155 Si
179 1116 224 1164 quis
235 1117 315 1154 fratrum
325 1115 381 1154 alicui
390 1116 483 1154 sacerdoti
496 1116 569 1154 ordinis
579 1116 640 1154 nostri
653 1115 752 1164 objecerit,

88 1185 142 1233 quod
151 1185 296 1222 contessionem
307 1184 423 1231 revelaverit,
436 1190 470 1222 aut
477 1184 542 1232 ipsum
553 1195 611 1232 super
620 1185 657 1222 hoc
667 1184 755 1222 diffama-

86 1252 143 1300 verit,
156 1257 189 1290 aut
203 1252 259 1290 alicui
270 1252 322 1290 tratri
345 1253 369 1290 de
379 1253 432 1301 lepra
443 1253 474 1291 vel
491 1253 567 1291 enormi
579 1252 633 1296 vitio,
649 1257 683 1291 aut
693 1253 753 1299 furto,

33 1353 35 1356 .
89 1321 202 1368 homicidio,
219 1321 346 1359 fornicatione
363 1322 393 1358 vel
410 1321 546 1359 consimilibus
557 1321 667 1359 convicium
680 1322 755 1359 velim-

88 1390 201 1438 properium
219 1389 294 1434 dixerit,
307 1395 340 1427 aut
351 1390 436 1438 aliquem
449 1391 545 1428 defectum
558 1389 588 1428 sui
603 1391 634 1427 vel
651 1395 754 1438 parentum

88 1469 170 1496 suorum
181 1458 252 1495 directe
263 1459 293 1495 vel
305 1459 398 1496 indirecte
408 1458 506 1508 objecerit,
520 1463 539 1496 et
547 1458 629 1507 probare
638 1458 754 1507 nequiverit,

89 1537 168 1575 poenam
181 1527 275 1575 gravioris
284 1527 346 1575 culpae
358 1538 392 1575 per
400 1526 431 1564 XL
439 1527 480 1564 dies
489 1526 599 1565 sustinebit.
609 1538 628 1564 2.
639 1526 754 1571 Statuimus,

89 1596 142 1643 quod
154 1595 228 1633 habens
240 1596 305 1633 locum
319 1595 423 1633 accusandi
435 1606 582 1644 quemcumque
596 1606 661 1633 coram
674 1606 711 1633 suo
723 1607 756 1634 su-

89 1663 171 1712 periore,
182 1664 198 1701 si
207 1663 272 1712 ipsum
282 1675 322 1701 non
332 1664 450 1702 accusaverit
459 1668 478 1700 et
486 1669 554 1712 postea
563 1664 658 1702 malitiose
665 1675 698 1713 per
706 1664 757 1702 litte-

90 1743 120 1769 ras
132 1733 162 1769 vel
174 1732 210 1769 alio
223 1732 282 1770 modo
295 1722 320 1769 de
330 1732 440 1770 criminosis
449 1738 468 1770 et
476 1732 594 1770 notabilibus
604 1732 659 1771 illum
669 1732 757 1772 diffama

91 1800 146 1846 verit,
162 1811 231 1837 vocem
244 1805 263 1837 et
277 1800 341 1838 locum
357 1800 424 1848 perdat
435 1812 459 1837 eo
470 1800 521 1847 ipso,
535 1805 554 1838 et
565 1799 581 1838 si
597 1800 662 1849 exigat
674 1800 756 1848 qualitas

92 1867 238 1912 diffamationis,
259 1868 344 1906 scandali
359 1872 392 1905 aut
407 1868 486 1916 periculi
503 1868 610 1912 subsecuti,
626 1869 757 1918 compensatis

92 1936 154 1984 gradu
169 1940 188 1973 et
201 1935 312 1974 conditione
326 1947 414 1984 personae
429 1936 514 1973 indebite
527 1936 638 1980 diffamatae,
654 1937 758 1975 diffamans

91 2004 159 2041 carceri
178 2004 305 2052 mancipetur.
323 2015 342 2053 3.
356 2005 402 2042 ltem
420 2004 532 2047 statuimus,
546 2004 600 2053 quod
615 2004 631 2042 si
644 2002 688 2053 quis
702 2005 758 2043 alicui

92 2072 144 2110 tratri
156 2072 248 2120 objecerit
261 2072 341 2120 aliquod
352 2071 433 2116 crimen,
449 2073 473 2110 de
487 2083 527 2120 quo
542 2071 677 2122 poenitentiam
694 2078 759 2122 egerat

91 2140 143 2192 (per)
155 2140 171 2178 X
183 2141 224 2179 dies
236 2141 260 2179 ad
272 2146 348 2189 portam
361 2140 423 2189 rigide
434 2141 532 2190 puniatur.
548 2153 568 2190 4.
583 2141 630 2179 ltem
645 2141 757 2188 statuimus,

92 2210 145 2258 quod
157 2209 173 2248 si
191 2209 236 2258 quis
247 2209 298 2259 apud
310 2209 371 2248 bonas
388 2214 407 2248 et
421 2209 516 2248 notabiles
528 2220 623 2259 personas
642 2211 666 2249 de
677 2210 759 2250 crimine

90 2279 202 2317 diffamatus
213 2279 270 2317 suerit
282 2283 300 2317 et
311 2279 357 2317 alias
369 2279 459 2317 convinci
470 2290 509 2316 non
523 2283 605 2328 poterat,
619 2279 758 2319 indicaturslbi

93 2347 185 2385 canonica
197 2347 294 2396 purgatio,
309 2352 331 2386 ut
344 2348 424 2386 tandem
436 2347 564 2386 convincatur
579 2348 595 2385 si
609 2347 628 2385 in
644 2349 758 2398 purgatione
