1631 2703
117 120 142 161 68
377 124 537 163 cousrrrurroue‘s

116 207 196 256 capituli
208 206 258 259 (Fol.
272 219 294 246 21
309 199 331 262 b)
339 201 442 258 generalis.
453 210 476 248 Et
487 210 588 248 secundus
599 209 615 247 si
625 203 711 257 primurn
721 209 791 247 abesse

116 277 220 327 contigerit
237 277 256 316 in
277 279 345 317 eodem
362 279 447 328 capitulo
463 279 566 317 habendus
577 278 678 323 diffinitor,
693 283 714 316 ut
731 279 792 316 altero

116 346 171 385 alteri
184 348 300 386 succedente
313 349 382 386 saltem
395 359 419 386 ex
433 348 496 386 tribus
508 359 561 386 unus
575 348 594 385 in
605 348 691 397 capitulo
703 347 791 385 otticium

117 416 239 456 diffinitionis
250 418 313 455 valeat
330 429 426 456 exercere.
439 418 483 456 Non
498 419 590 456 obstante
602 418 656 466 quod
671 418 690 455 in
701 416 791 466 proximo

116 487 201 536 capitulo
216 477 302 535 generali
318 487 376 525 suerit
393 487 495 525 diffinitor.
510 488 533 525 Et
550 487 565 525 si
583 487 602 524 in
619 487 689 525 eodem
705 486 791 535 capitulo
811 538 813 540 ‚

114 555 200 605 aliquem
213 567 237 594 ex
248 556 388 595 diffinitoribus
398 556 417 594 in
427 557 539 606 generalem
551 556 595 605 eligi
606 555 711 605 eontigerit
721 567 792 595 secun-

115 626 153 664 dus
173 637 208 675 pro
225 626 331 664 diffinitore
354 626 373 664 in
391 626 443 664 dicto
461 626 546 675 capitulo
563 627 664 664 habeatur.
682 637 701 676 3.
723 625 792 663 Statui-

118 706 164 734 mus
176 701 243 734 autem
255 695 309 744 quod
326 695 451 745 provincialis
466 695 569 733 absolutus
581 695 615 744 qui
627 700 673 733 ante
684 695 792 732 absolutio-

118 777 164 803 nem
177 767 208 803 vel
218 765 371 814 resignationem
382 766 446 803 tuerat
458 765 531 803 electus
543 764 562 802 in
575 764 701 803 diffinitorem
711 763 790 813 capituli

116 835 220 883 generalis,
235 839 335 872 remanent
344 838 363 871 et
374 834 489 879 admittatur
503 839 526 872 ut
538 834 639 878 difflnbor,
650 833 687 871 nisi
699 834 753 871 aliter
763 835 792 871 tu-

117 903 153 942 erit
165 903 256 942 inhabilis
266 907 285 941 et
291 903 377 953 ineptus,
386 903 416 941 vel
426 902 464 940 nisi
470 902 593 953 contingeret
602 896 712 952 quod'post
722 902 791 952 hujus-

117 974 171 1011 modi
183 973 329 1011 absolutionem
337 973 366 1011 vel
373 972 527 1021 resignationem
535 973 591 1010 fieret
601 972 668 1010 electio
678 972 748 1021 prioris
756 965 791 1010 seu

116 1042 180 1081 vicarii
190 1041 322 1091 provincialis,
331 1041 376 1091 quia
385 1041 405 1079 in
415 1042 447 1080 illo
458 1053 504 1080 casu
517 1043 611 1083 volumus
619 1043 672 1091 quod
682 1044 737 1081 lieret
744 1042 793 1080 elec-

116 1112 143 1150 tio
156 1113 180 1150 de
191 1112 286 1151 omnibus
301 1123 346 1160 quae
358 1116 448 1161 spectant
459 1112 483 1149 ad
495 1112 603 1160 capitulum
618 1114 715 1161 generale.
729 1123 748 1160 4.
762 1113 792 1150 ln-

115 1182 208 1220 hibemus
220 1181 240 1218 in
252 1181 325 1220 virtute
344 1186 416 1219 sanctae
428 1181 547 1219 obedientiae
561 1193 586 1219 ne
597 1181 668 1231 aliquis
681 1182 733 1232 prior
747 1194 792 1231 pro-

115 1251 203 1290 vincialis
215 1252 246 1289 vel
256 1251 339 1289 vicarius
351 1252 381 1289 vel
394 1262 462 1289 eorum
472 1251 519 1289 socii
528 1263 539 1288 a
548 1251 633 1300 capitulo
646 1252 731 1302 generali
744 1263 792 1301 qua-

114 1332 201 1369 cumque
220 1320 348 1358 simulatione
365 1331 386 1359 se
403 1320 488 1359 audeant
502 1321 612 1366 absentare,
627 1321 664 1359 nisi
682 1332 716 1359 eos
737 1321 791 1371 gravi

115 1390 229 1429 infirmitate
240 1391 270 1428 vel
283 1389 381 1428 debilitate
390 1390 495 1438 contigerit
505 1390 595 1428 detineri.

143 1470 161 1508 5.
177 1459 228 1498 Cum
241 1463 306 1497 autem
322 1459 407 1507 priorem
424 1459 564 1508 provincialem
580 1459 673 1508 aliquem,
689 1460 720 1497 vel
731 1460 790 1498 talem

114 1529 208 1568 vicariurn
221 1528 361 1578 provincialem
370 1529 420 1566 infra
432 1540 488 1566 suam
499 1528 619 1578 provinciam
631 1529 694 1567 taliter
703 1530 791 1580 contige-

114 1599 139 1637 rit
148 1597 237 1643 detineri,
251 1597 371 1647 provinciam
387 1598 485 1636 custodiat
497 1599 527 1637 vel
540 1598 635 1637 custodiri
647 1599 704 1636 faciat
716 1610 791 1648 quous-

114 1680 153 1718 que
161 1681 172 1706 a
180 1668 264 1717 capitulo
276 1667 363 1717 generali
372 1668 501 1706 literatorium
512 1668 601 1706 habuerit
610 1668 733 1714 mandatum,
747 1669 791 1707 reti-

114 1749 163 1776 nens
175 1749 245 1776 secum
260 1736 347 1787 sigillum
359 1737 425 1775 vicarii
440 1741 459 1775 et
471 1748 493 1775 eo
509 1742 606 1783 utaturus,
621 1743 640 1775 et
652 1737 737 1787 sigillum
748 1738 791 1776 offr-

113 1807 136 1845 cii
146 1806 298 1855 provincialatus
313 1806 377 1843 mittat
389 1818 424 1855 per
436 1806 500 1844 socios
513 1818 561 1845 suos
573 1807 597 1845 ad
610 1807 719 1856 capitulum
732 1819 791 1856 gene-

113 1877 151 1914 rale
162 1875 270 1925 sigillatum
283 1874 347 1924 sigillo
360 1875 464 1913 communi
476 1876 556 1925 capituli
572 1876 698 1925 provincialis
712 1877 790 1926 publice

112 1957 178 1984 coram
190 1945 282 1983 tratribus
295 1944 347 1983 illius
360 1945 446 1994 capituli,
460 1946 490 1983 vel
505 1944 570 1994 sigillo
583 1951 695 1984 conventus
713 1946 732 1984 in
749 1958 789 1995 quo

111 2020 157 2065 post
165 2015 272 2064 capitulum
285 2014 403 2069 provinciale
418 2013 531 2052 infirmitate
544 2015 573 2053 vel
583 2015 619 2052 alia
632 2026 691 2054 causa
704 2016 788 2054 rationa-

112 2084 145 2123 bili
159 2085 225 2135 ipsum
238 2084 342 2134 contigerit
354 2083 443 2122 detineri.
457 2084 509 2122 ldem
522 2084 580 2122 etiam
593 2085 617 2122 de
627 2085 691 2134 priore
704 2097 790 2124 conven-

112 2154 159 2192 tuali
167 2159 186 2192 et
198 2166 235 2193 suo
245 2153 316 2203 sigillo,
327 2153 445 2203 sigillatione
460 2158 479 2191 et
491 2153 545 2192 socio
557 2154 646 2192 similiter·
664 2155 788 2194 observetur.

138 2221 157 2263 6.
173 2224 248 2262 Priores
259 2228 325 2261 autern
341 2222 472 2272 provinciales
484 2227 503 2262 et
523 2223 570 2261 socii
585 2223 672 2273 praedicti
685 2225 787 2263 venientes

110 2294 134 2332 ad
144 2293 251 2343 capitulum
261 2294 359 2343 generale,
372 2293 462 2331 delerant
476 2304 543 2332 secum
551 2293 637 2343 aliquam
646 2294 787 2333 eleemosinam

109 2364 213 2414 quaeipsis
225 2360 320 2402 eunioet
334 2362 438 2402 redeundo
451 2363 536 2402 sufficiat
552 2363 572 2402 in
585 2363 684 2412 expensis,
698 2375 743 2413 quae
755 2376 788 2403 ex-

109 2444 177 2483 pensae
188 2445 198 2472 a
210 2432 350 2472 diffinitoribus
362 2432 440 2482 capituli
452 2433 579 2483 provincialis
592 2433 667 2472 debent
684 2433 788 2473 rationabi-
