1616 2703
276 109 300 136 ne
314 106 331 143 s!
344 107 457 144 nenrnotno
621 142 623 147 ,
666 109 703 149 275

26 189 58 239 jus
68 183 142 222 montis
153 182 261 221 solitudine
272 183 419 222 aedificaverunt
434 185 503 222 fratres
517 183 578 222 nostri
597 183 705 239 Ordiniset

29 255 139 295 habuerunt
152 264 193 292 suae
206 252 308 302 religionis
326 251 534 305 monasterium>›(r).
553 252 629 291 Deinde
640 259 706 299 narrat

29 322 132 375 quomodo
140 323 182 360 haec
189 323 309 366 monasteria
316 322 380 361 diruta
387 322 433 361 sint.
441 334 453 359 <r
459 322 497 367 Qui
504 321 662 373 (infideles)cum
670 335 706 373 po-

29 396 98 433 testate
113 402 184 441 magna
198 395 266 430 contra
278 391 364 430 nobilem
380 392 479 431 civitatem
496 391 607 430 Antiochiae
624 392 705 431 venien-

28 469 59 503 tes
78 466 98 500 et
117 473 160 498 eam
180 460 295 499 obsidentes
315 461 396 499 tandem
417 472 470 499 anno
491 461 577 517 Domini
604 460 652 511 1267
673 464 681 511 (
698 466 705 511 )

29 544 72 571 eam
90 531 220 570 viarmorum
241 535 346 581 ceperunt;
364 531 384 569 in
403 543 441 580 qua
458 530 633 577 innumerabilium
650 515 707 585 Chris

29 603 139 641 stianorum
152 599 270 649 sanguinem
288 600 414 639 effundentes
426 611 466 638 non
482 601 547 638 solum
560 601 650 647 solemne
663 613 706 644 mo<

30 670 137 711 naslerium
148 669 203 719 quod
211 671 288 717 *fratres
302 670 361 720 hujus
371 669 470 720 religionis
483 670 503 707 in
513 682 535 708 ea
545 670 650 716 habebant,
670 672 705 709 sed

29 745 90 786 totam
101 739 200 780 civitatem
213 739 233 777 in
245 739 374 779 solitudinem
382 740 508 790 redegerunt.
516 740 536 777 ln
543 739 612 778 eadem
625 751 706 790 quoque

28 813 145 858 tempestate
163 809 289 858 perdiderunt
298 811 367 848 iratres
379 810 440 859 hujus
450 809 550 858 religionis
560 811 704 855 monasterium

29 881 129 918 Montanae
142 878 211 929 nigrae,
222 879 277 928 quod
288 880 313 918 ab
325 878 439 918 infidelibus
451 879 488 917 tuit
500 878 588 918 dirutum
601 891 613 917 a
625 880 663 930 (3).
703 910 705 927 ἰ

55 949 100 986 Haee
109 960 155 987 vero
168 960 209 987 non
227 949 325 987 modicam
349 954 422 998 parunt
443 948 586 987 difficultatem.
608 949 705 1005 Qranrvis

29 1018 81 1057 enim
93 1018 170 1064 abbatia
179 1017 199 1057 S.
212 1018 290 1068 Georgii
302 1019 322 1057 in
334 1019 428 1057 Montana
439 1018 497 1068 Nigra
507 1018 581 1057 ordinis
590 1018 706 1057 Cistercien-

30 1088 81 1142 sium
93 1089 206 1137 frequenter
217 1088 237 1126 in
249 1088 321 1127 chartis
331 1088 446 1127 nominetur
455 1086 493 1139 (4),
507 1088 530 1126 de
547 1093 647 1127 conventu
659 1088 707 1134 Car,-

29 1157 140 1202 melitarum
152 1161 196 1196 turn
209 1157 320 1196 Antiochiae
329 1162 373 1196 tum
391 1158 410 1196 in
427 1162 495 1196 monte
515 1158 574 1196 Neroi
594 1169 704 1208 numquam

29 1238 94 1266 sermo
103 1227 199 1277 sitneque
208 1227 228 1273 in
237 1227 381 1277 diplomatibus
391 1239 456 1277 neque
465 1224 521 1276 'apud
530 1229 636 1278 scriptores
651 1227 704 1267 illius

29 1296 131 1346 temporis.
144 1298 157 1335 E
169 1301 238 1335 contra
246 1299 321 1350 Fratres
337 1297 424 1336 Minores
439 1297 531 1335 dicuntur
547 1298 572 1336 ab
585 1309 642 1344 anno
656 1309 705 1342 raro
760 1317 770 1331 ο

29 1367 118 1416 parvulas
126 1367 184 1405 cellas
199 1378 221 1405 ac
230 1378 323 1405 cavernas
333 1379 343 1404 e
356 1378 404 1417 rupe
416 1366 490 1405 excisas
499 1366 632 1415 inhabitasse(
636 1365 662 1419 5).
670 1367 706 1405 Ce-

28 1441 92 1475 terum
105 1436 146 1475 non'
155 1442 185 1475 est
194 1436 317 1486 impossibile
327 1435 441 1476 Carmelitas
458 1436 477 1474 in
490 1436 553 1476 ruinis
567 1436 650 1475 abbatiae
667 1437 704 1476 sibi

29 1506 162 1545 habitaculum
174 1517 302 1557 praeparasse.

51 1575 141 1623 Juniores
150 1575 230 1615 Ordinis
242 1577 304 1615 nostri
316 1581 406 1627 auctores
418 1577 480 1615 inulta
491 1576 516 1614 de
524 1576 564 1615 vita
577 1580 596 1614 et
607 1576 670 1626 gestis
683 1576 703 1615 S.

28 1645 125 1684 Bertlroldi
141 1650 220 1684 narrant
231 1658 276 1696 qnae
285 1651 352 1685 tamen
365 1651 418 1685 certo
429 1645 558 1684 fundamento
572 1650 645 1685 carent.
659 1646 705 1685 ¹llu-

26 1714 114 1764 jusmodi
126 1720 155 1755 est
164 1715 246 1755 assertio
256 1716 322 1766 ipsum
332 1715 409 1754 Parisiis
422 1715 481 1755 sacris
496 1715 565 1754 litteris
577 1727 658 1765 operam
671 1716 704 1754 de-

36 1918 37 1921 *
49 1879 77 1923 (1)
87 1879 132 1914 lbid.
144 1881 164 1914 P.
175 1892 205 1925 97,
215 1891 234 1913 n.
244 1890 285 1923 409.

49 1937 77 1981 (a)
85 1939 159 1973 Rectius
177 1938 248 1983 18Maji
263 1938 312 1973 1268.
324 1938 351 1972 Ci.
362 1946 363 1949 ’
374 1937 481 1979 Roehricht,
497 1939 580 1982 Regem,
600 1940 619 1972 Ρ.
632 1939 672 1982 355,
685 1948 704 1974 n.

30 1996 79 2030 1³58.
744 1988 745 1991 ’

51 2055 72 2098 (3)
80 2056 153 2100 Specul.
164 2057 243 2091 Carmel.
254 2058 268 2099 l,
278 2068 317 2100 104,
326 2067 343 2089 n.
351 2067 393 2100 447.
456 2048 458 2051 ’

51 2116 72 2156 (4)
80 2115 185 2155 Roehricht,
197 2116 281 2159 Regem,
291 2103 318 2149 Ρ.Ι
325 2126 362 2158 172,
372 2126 390 2148 n.
401 2116 441 2159 649,
449 2117 472 2149 Et
481 2115 499 2148 in
509 2116 640 2158 additamento,
651 2117 671 2150 P.
682 2117 705 2159 43

29 2172 133 2207 subeodem
142 2174 267 2218 numerolubi
283 2174 339 2208 etiam
357 2174 435 2207 habetur
451 2174 598 2218 bibliographia.)
610 2175 705 2209 Destructa

29 2228 63 2263 fuit
72 2232 145 2266 abbatia
154 2243 203 2267 anno
214 2234 263 2266 1188.
671 2257 673 2260 ·

51 2288 73 2332 (5)
83 2290 111 2331 Ci.
121 2292 208 2331 Berliere,
216 2291 251 2325 Die
261 2291 307 2325 alien
314 2291 518 2325 Benedictinerlrloester
523 2292 548 2325 im
557 2291 582 2325 hl.
588 2291 652 2335 Laude
660 2293 706 2335 (Slu-

31 2346 71 2380 dien
80 2350 116 2383 und
128 2350 269 2396 Mittheilungen
283 2361 315 2385 aas
327 2351 366 2384 dem
385 2350 557 2395 Benedictiner-und
575 2349 705 2385 cisterciense

31 2403 104 2451 ordea}
113 2415 126 2441 t.
138 2410 170 2453 lx,
182 2409 231 2450 1888,
244 2411 263 2442 P.
270 2420 302 2453 491
312 2409 472 2452 ubicitaturRey,
485 2408 599 2453 Chroniques
606 2409 704 2453 sranques.
