1631 2703
87 92 121 130 188
355 101 403 129 acra
420 102 479 130 carn.

84 178 114 215 vel
127 177 200 215 crimen
213 176 297 214 notabile
315 189 336 214 ac
353 178 465 215 scandalum
483 176 589 223 commisit,
606 176 750 224 nonobstante

83 247 137 296 quod
149 257 184 294 pro
192 246 273 283 illonon
283 246 339 284 tuerit
350 246 486 285 incarceratus.

137 314 193 365 (erae
204 316 355 364 sentilianam
364 318 580 362 nmmrcorrterrrporarren
591 316 660 363 scriptu
671 316 725 365 sunt)

110 383 223 425 Sciendum,
236 384 314 432 quodsi
324 385 343 421 in
354 385 574 422 constitutionenoriter
583 385 631 421 laeta
642 384 751 421 deOctavis

83 453 244 491 Annuntiationis
256 453 317 490 beatae
329 453 414 502 Virginis
423 464 463 490 non
478 458 507 491 est
519 453 542 490 de
554 453 651 490 dominica
662 452 751 489 veniente

84 520 134 559 intra
147 523 224 559 easdem
234 527 312 559 octavas
329 522 402 559 mentio
422 523 477 567 iacta,
490 522 572 569 qualiter
583 521 669 559 officium
682 521 751 558 debeat

85 591 132 628 fieri.
144 591 193 628 Volo
203 595 221 627 et
233 591 309 633 ordino,
324 591 377 638 quod
388 590 406 627 in
418 590 514 627 dominica
529 590 577 626 intra
587 589 687 638 praedictas
699 594 751 626 octa-

85 670 118 697 vas
130 660 163 696 tiat
172 664 237 696 totum
249 659 335 695 officium
347 659 371 695 de
380 658 477 695 dominica
495 664 513 694 et
532 663 609 695 tantum
621 658 715 695 memoria
727 658 750 694 de

85 733 153 766 octava
163 738 166 773 ;
181 727 196 765 si
205 733 270 764 autern
283 727 410 775 contingeret,
421 727 475 774 quod
484 727 525 763 dies
537 731 650 763 octavarum
660 726 679 763 in
688 726 750 774 aliqua

84 795 180 833 dominica
192 796 274 839 veniret,
287 800 334 832 tunc
342 795 440 832 dominica
449 806 507 832 suum
523 795 602 842 plenum
618 794 705 831 officium
718 796 751 832 lra-

84 863 144 907 belrit,
155 868 174 900 et
183 863 269 901 officium
280 867 392 900 octavarum
402 864 527 900 transferatur
538 862 556 898 in
569 862 682 906 crastinum,
698 861 751 899 vide-

84 932 127 968 licet
135 932 154 968 in
162 932 227 968 teriam
235 931 348 974 secundam,
355 942 432 979 semper
440 930 561 967 hebdomada
570 941 654 977 poenosa
663 936 748 978 excepta,

85 1000 104 1037 in
116 1010 153 1047 qua
163 999 179 1036 si
192 1003 258 1036 octavu
270 999 344 1036 veniret
356 999 403 1036 nihil
417 998 453 1036 nisi
466 998 560 1035 memoria
571 998 595 1035 de
610 1010 630 1035 ea
642 998 682 1036 tren
695 999 750 1036 debe-

85 1072 119 1105 ret.

142 1291 200 1338 (Quat
208 1293 310 1339 sequuntur
321 1291 360 1327 aliu
372 1302 429 1328 aranu
440 1292 504 1329 saculi
512 1291 550 1329 XV
557 1293 627 1339 scripta
637 1294 691 1338 szrrrt)

85 1407 250 1444 Consrrrurrones
261 1417 342 1446 carrruu
354 1417 454 1444 cruentus
466 1417 484 1444 nr
504 1408 594 1445 Artamis
609 1407 666 1445 Anno
681 1408 750 1445 Doarrrrr

111 1474 246 1536 lrlCCCCXXV
254 1485 361 1518 centenari,
375 1485 404 1512 ore
416 1485 440 1522 27
453 1486 519 1513 arensis
530 1474 592 1525 llari(
607 1475 621 1525 ).

110 1606 236 1649 Ordinarnus‚
248 1607 301 1653 quod
312 1607 375 1644 ricarli
384 1608 483 1655 generales
496 1618 535 1644 non
549 1607 651 1645 mittantur
666 1607 702 1645 nisi
716 1620 750 1656 po-

84 1675 181 1711 stulentur
193 1686 227 1722 per
238 1674 322 1722 priorem
337 1675 473 1722 provincialem
484 1677 513 1712 rel
529 1687 562 1722 per
574 1675 722 1723 provinciarn,et
734 1676 749 1713 si

85 1742 214 1786 mitterentur,
228 1742 359 1790 praecipimus,
373 1744 426 1790 quod
438 1754 477 1780 non
488 1743 611 1791 recipiantur.

111 1811 157 1847 ltenr
168 1810 289 1853 ordinamus,
304 1811 357 1859 quod
370 1812 393 1847 de
403 1816 465 1848 cetero
475 1813 541 1850 nullus
552 1813 609 1849 irater
621 1812 695 1849 ordinis
715 1824 750 1849 no-

86 1878 119 1914 stri
131 1878 195 1914 veniat
206 1879 230 1914 ad
242 1878 377 1915 Reuerendum
386 1879 501 1927 Magistrum
516 1879 629 1916 Generalem
641 1880 683 1917 sine
695 1880 751 1917 licen-

84 1946 108 1983 tia
119 1945 187 1993 prioris
197 1946 318 1993 provincialis
327 1947 356 1982 vel
367 1947 431 1984 localis
443 1948 530 1984 deterens
540 1947 611 1984 litteras
621 1948 708 1984 licentiae.

111 2015 157 2050 ltem
168 2014 287 2057 ordinamus,
312 2016 365 2061 quod
383 2015 406 2052 de
416 2021 478 2052 cetero
492 2016 557 2053 nullus
577 2016 629 2063 prior
640 2016 706 2053 localis
721 2018 750 2053 vel

86 2082 156 2129 aliquis
166 2082 214 2119 alius
223 2083 281 2119 trater
291 2082 352 2120 nostri
371 2083 451 2126 ordinis,
470 2083 590 2131 quicumque
602 2084 633 2127 sit,
652 2083 751 2131 permittat

85 2150 122 2197 legi
135 2150 206 2187 litteras
218 2151 291 2198 aliquas
304 2150 421 2198 officiorum,
432 2156 478 2199 puta
493 2151 594 2189 vicariatus
609 2163 644 2189 seu
654 2152 750 2199 prioratus

85 2224 104 2255 et
110 2217 189 2255 aliarum
198 2219 309 2267 gratiarum
323 2219 401 2256 Domini
414 2219 474 2257 nostri
487 2220 541 2268 rape
553 2219 593 2257 sive
606 2220 751 2259 Reverendissi-

108 2365 128 2414 tr)
139 2365 184 2414 Quae
195 2371 232 2397 erat
241 2363 278 2403 dies
289 2364 411 2405 Pentecosten
