1616 2703
270 95 354 125 aaronem
366 95 488 125 oenenluuu
677 94 716 134 247
778 97 781 102 '

43 182 111 211 neum.
121 171 160 217 Qui
173 176 219 221 post
231 171 310 222 jejunia,
325 183 391 221 preces
403 176 422 210 et
431 171 538 210 lacrimasa
549 170 631 221 Virgine
642 172 718 210 solatus

42 247 61 280 et
73 241 148 280 revisus
160 243 229 280 tratres
243 242 263 280 in
284 241 372 293 Cyprum
390 247 409 280 et
426 241 510 280 Siciliam
533 240 639 280 destinavit
651 241 675 279 A.
692 240 716 281 D.

46 312 95 350 1228
107 309 160 361 (sic)¹
175 311 321 349 remanentibus
329 312 397 350 ceteris
407 311 445 349 sub
456 311 531 349 tributo
543 311 657 361 gentilium.
667 311 719 350 Prae-

41 380 78 420 tuit
91 379 149 421 annis
157 386 232 430 septem
242 392 281 419 non
289 380 330 418 sine
339 380 435 420 virtutum
446 386 465 418 et
471 391 600 430 personarum
611 380 718 425 incremen-

41 456 69 494 to,
83 455 159 489 naturae
168 449 256 488 debitum
270 451 350 489 solvens
363 450 387 489 A.
398 451 421 488 D.
436 460 492 498 ¹240·
501 450 564 500 Hujus
581 449 668 499 produnt
677 460 720 488 san·

42 518 127 558 ctitatem
139 519 270 568 miraculatut
282 520 352 568 lertur)
360 519 413 569 apud
423 519 502 558 Achon.

70 599 87 637 5.
101 589 178 626 Alanus
190 588 241 626 Brito
254 592 308 638 pater
317 588 450 632 venerandus,
463 589 566 637 eloquens
577 588 646 626 litteris
654 587 719 626 erudi-

41 663 81 702 tus
94 656 151 700 lenis,
162 656 232 705 comis,
246 656 299 695 mitis
311 662 371 706 atque
382 657 521 695 sanctissimus
532 656 576 695 tuit.
590 657 625 695 llic
636 656 717 696 Terram

41 727 131 765 Sanctam
144 738 167 764 ex
179 726 263 775 quadam
273 726 378 765 devotione
386 726 454 764 adiens
466 726 549 765 visitatis
566 726 643 764 aedibus
659 725 719 765 sacris

41 796 60 834 in
73 796 163 834 Carmelo
174 796 254 833 tandem
267 797 324 845 plena
332 796 357 833 ad
368 796 431 833 Deum
448 796 554 834 devotione
566 795 679 845 religionem
689 794 719 832 in-

41 864 90 904 duit.
102 865 183 903 Collecti
196 869 259 914 patres
271 864 291 902 in
303 865 387 903 Carmeli
400 865 474 903 montis
483 864 603 903 monasterio
624 865 717 903 humanae

42 934 111 973 salutis
124 945 176 972 anno
192 945 242 982 1240
251 934 317 973 statim
330 939 375 984 post
386 934 491 972 Barthelmi
500 934 649 973 defunctionem
665 935 719 973 hunc

41 1004 78 1042 sibi
91 1003 229 1052 praesidentem
243 1004 375 1042 constituunt.
389 1004 477 1042 Adversa
490 1014 595 1052 perpessus
607 1015 630 1041 ex
641 1003 718 1053 impetu

41 1073 137 1111 bellorum
147 1074 215 1110 fratres
225 1073 351 1122 Radulphum
361 1073 470 1111 Frcsbome
493 1074 575 1122 anglum
597 1072 676 1110 natione
699 1077 719 1110 et

40 1144 130 1180 Yvonem
142 1142 240 1180 britonem
253 1153 313 1181 suum
326 1147 478 1180 conterraneum
498 1143 522 1180 ad
545 1141 645 1191 Angliam,
658 1146 718 1190 atque

41 1212 107 1250 Gallos
118 1211 247 1250 Provinciales
260 1212 284 1249 de
296 1211 397 1249 Palaestina
406 1211 511 1249 Massiliam
520 1211 633 1249 destinavit.
645 1211 718 1249 Videns

41 1281 116 1326 Alanus
126 1293 150 1318 ex
161 1281 272 1330 principum
285 1280 335 1319 inter
342 1292 386 1319 sese
395 1280 492 1319 discordia
504 1292 546 1318 rem
553 1279 685 1319 Christianam
698 1280 718 1318 in

41 1349 145 1398 ancipitem
155 1350 195 1387 dari
205 1350 275 1398 quinto
284 1350 314 1387 sui
326 1349 429 1399 regiminis
441 1361 494 1387 anno
504 1349 546 1387 suis
555 1349 575 1386 in
587 1348 719 1398 captivitatem

41 1419 105 1458 ductis
115 1415 180 1458 officio
193 1419 258 1457 cessit.
272 1419 338 1468 Atque
348 1418 366 1456 in
374 1419 471 1468 Europam
484 1419 565 1457 veniens
577 1430 619 1457 suae
641 1417 720 1456 familiae

42 1488 197 1537 multiplicationi
207 1488 318 1526 insudabat.
329 1490 348 1526 ln
361 1493 425 1526 morte
432 1493 451 1525 et
463 1488 529 1526 invita
539 1487 637 1526 miraculiS
655 1489 719 1526 clarus

45 1569 66 1596 12
79 1558 110 1596 die
116 1558 234 1596 Novembris
243 1558 331 1596 Coloniae
340 1558 420 1596 tandem
429 1558 528 1608 migravit.

71 1625 184 1666 usmarus
197 1626 265 1665 Simon
278 1627 336 1665 Stoclr
346 1628 436 1677 anglicus
454 1628 473 1665 in
486 1627 557 1665 Kantia
570 1632 635 1671 natus,
652 1628 676 1665 ab
690 1639 720 1664 ar-

42 1697 95 1734 boris
107 1697 216 1734 inclusione
228 1707 340 1746 cognomen
352 1697 449 1746 accipiens
461 1697 580 1735 duodecimo
592 1696 655 1735 aetatis
664 1708 717 1734 anno

43 1766 133 1804 solitariae
144 1766 189 1803 vitae
201 1766 326 1815 propositum
339 1765 359 1803 in
371 1767 438 1804 animo
451 1766 525 1804 statuit.
542 1766 630 1804 Veniunt
646 1766 720 1815 saepius

42 1836 66 1873 de
75 1835 177 1873 Palaestina
189 1836 208 1873 in
219 1835 312 1885 Angliam
325 1837 349 1873 ab
362 1836 386 1874 A.
400 1836 424 1874 D.
441 1846 491 1873 1200
503 1835 591 1885 ejusdem
611 1835 719 1884 disciplinae

31 1895 32 1898 ¹
43 1909 107 1953 patres
118 1904 264 1943 visitandorum
274 1905 383 1943 amicorum
393 1905 454 1954 gratia
462 1905 544 1953 atquein
555 1904 721 1944 succursumTer·

43 1986 68 2011 rae
77 1974 165 2027 Sanctae3
180 1980 199 2011 et
210 1975 234 2011 ab
244 1985 296 2012 anno
306 1974 384 2012 Domini
396 1985 444 2012 1212
457 1979 516 2023 atque
530 1974 623 2023 deinceps
640 1979 720 2024 propter

43 2043 183 2081 Saracenorum
196 2043 216 2080 in
228 2027 282 2093 syria
294 2043 441 2092 oppressiones.
452 2043 503 2081 Tum
516 2043 556 2081 Deo
566 2044 666 2093 religionis
675 2043 720 2081 alibi

42 2113 186 2151 incrementum
199 2113 277 2150 volente
289 2124 313 2151 ex
324 2112 361 2150 illis
374 2113 454 2162 quidam
465 2113 484 2151 in
493 2112 563 2162 Anglia
573 2120 718 2157 remanserunt,

43 2183 103 2221 Boriae
115 2188 134 2221 et
145 2182 222 2220 Kantiae
234 2184 310 2221 deserta
322 2184 430 2232 elegerunt,
440 2183 555 2232 atquealios
565 2184 589 2221 ad
599 2184 649 2221 banc
660 2184 720 2220 devo-

43 2253 117 2291 tionem
130 2253 246 2290 allexerunt.
260 2252 310 2291 Cum
323 2252 353 2290 his
366 2252 435 2291 Simon
455 2252 605 2290 familiaritatem
618 2258 687 2291 nactus
699 2252 719 2289 in

44 2322 119 2360 arboris
128 2333 214 2359 concavo
230 2321 355 2361 mansionem
367 2322 441 2371 accepit
453 2323 477 2361 A.
492 2322 515 2361 D.
530 2333 577 2371 1215
596 2321 720 2371 quinquage-

44 2392 96 2431 simo
108 2380 161 2430 anno
173 2391 235 2431 aetatis
247 2403 311 2443 usque
326 2392 350 2430 ad
365 2393 389 2431 A.
404 2392 427 2431 D.
446 2402 503 2442 1240.
516 2392 561 2437 Quo
581 2402 627 2432 cum
642 2390 719 2444 Angliae
