1631 2703
94 122 120 169 48
352 129 512 159 constitutiones

168 212 274 249 MNIPOTENS
293 211 413 259 sempiterne
425 211 477 248 Deus
493 210 526 259 qui
535 211 584 248 lacis
591 209 685 248 mirabilia
698 215 771 258 magna

98 210 157 325 O
170 281 232 324 solus,
247 281 346 329 praetende
356 291 414 328 super
423 281 520 318 famulum
529 284 587 318 tuum
601 279 692 328 spiritum
703 278 769 327 gratiae

95 350 192 396 salutaris,
207 355 227 387 et
241 355 262 387 ut
274 350 293 386 in
305 349 387 387 veritate
396 349 430 386 tibi
446 350 567 398 complaceat
581 354 698 398 perpetuum
711 348 727 386 ei
737 358 769 385 ro-

96 430 137 456 rem
144 424 184 456 tuae
196 418 340 456 benedictionis
352 419 440 456 infunde.
458 419 492 456 Per
506 418 607 456 Christum
628 418 651 456 l).
669 421 768 456 nostrum.

150 488 223 526 Amen.

164 589 198 617 eus
205 578 323 623 misericors,
337 579 390 617 Deus
397 580 491 624 clemens,
508 577 538 617 cui
548 582 618 617 cuncta
624 578 677 616 bona
684 579 768 627 placent,

98 580 155 691 D
165 648 208 687 sine
220 648 315 697 quonihil
322 648 398 687 bonum
405 649 515 694 inchoatur,
527 648 616 696 nihilque
627 648 704 686 bonum
713 647 774 699 perfr-v

97 717 154 762 citur,
164 717 230 756 adsint
241 718 314 756 nostris
321 717 437 756 humillimis
449 717 540 767 precibus
546 722 585 756 tuae
592 717 669 766 pietatis
676 728 740 760 aures,
753 720 772 754 et

97 789 151 825 hunc
161 787 258 825 famulum
270 792 328 825 tuum
341 787 372 826 cui
379 787 399 825 in
408 784 443 825 tuo
456 791 524 826 sancto
536 787 617 837 nomine
626 797 686 824 sacrae
699 789 772 824 nostrae

98 856 199 905 religionis
212 856 301 895 habitum
314 857 439 905 imponimus
450 857 540 894 amundi
552 856 695 905 impedimento
707 860 726 894 et
737 866 773 893 sae-

98 926 158 963 culari
168 925 265 963 desiderio
274 926 364 964 deiende.
378 927 400 964 Et
408 926 494 963 concede
503 926 520 963 ei
532 930 554 963 ut
566 926 586 963 in
598 926 636 963 hoc
648 929 716 963 sancto
728 936 774 973 pro-

98 994 163 1052 posito
171 995 241 1033 devote
250 995 353 1044 persistere
362 996 431 1040 valeat,
445 1001 464 1034 et
473 994 588 1033 remissione
596 999 721 1044 peccatorum
731 1005 773 1044 per-

99 1069 154 1113 cepta
166 1064 191 1102 ad
199 1065 307 1102 electorum
319 1069 399 1103 tuorum
411 1064 582 1114 valeatperventre
592 1063 723 1102 consortium.
774 1067 776 1070 “

166 1155 242 1204 eosqui
254 1155 331 1194 nonvis
341 1160 425 1194 mortem
438 1160 571 1205 peccatorum,
583 1155 617 1193 secl
626 1166 660 1205 per
675 1155 773 1205 poeniten-

101 1156 157 1267 D
166 1224 213 1262 tiam
221 1222 257 1278 [et]
264 1225 423 1264 emendationem
430 1225 475 1264 vitae
482 1237 560 1274 semper
572 1225 661 1274 inquiris,
669 1230 689 1263 te
699 1224 774 1274 suppli-

99 1299 131 1332 ces
142 1294 277 1343 deprecamur,
287 1300 309 1332 ut
320 1294 366 1333 huic
381 1295 454 1333 famulo
466 1299 501 1333 tuo
513 1295 639 1333 saecularibus
651 1294 727 1333 actibus
745 1306 775 1332 re-

98 1363 195 1401 nuntianti
207 1364 266 1412 largae
277 1364 401 1413 tuaepietatts
412 1365 495 1413 gratiam
507 1364 710 1414 infunderedigneris‚
725 1375 774 1413 qua-

98 1437 157 1471 tenus
170 1434 238 1472 castris
254 1434 295 1484 tuis
314 1434 407 1479 insertus,
421 1434 447 1472 ita
463 1434 499 1472 tibi
520 1433 622 1472 militando
632 1434 718 1472 stadium
728 1420 774 1472 vitae

99 1502 201 1551 praesentis
220 1513 331 1552 percurrere
343 1504 412 1549 valeat,
430 1508 453 1541 ut
464 1503 554 1541 bravium
569 1508 648 1542 aeternae
662 1514 775 1541 remunera-

99 1572 159 1610 tionis
176 1577 195 1610 te
212 1572 299 1610 donante
316 1572 417 1621 percipiat,
430 1577 450 1610 et
466 1572 516 1610 sicut
527 1572 564 1611 iste
580 1577 597 1610 te
612 1573 651 1611 Deo
667 1556 775 1621 inspirante

100 1641 174 1679 nostris
189 1645 243 1690 optat
252 1641 309 1691 jungi
322 1642 433 1689 consortiis,
447 1645 526 1691 propter
541 1642 596 1690 quod
608 1642 679 1680 damus
691 1641 707 1679 ei
720 1653 775 1680 com-

100 1722 182 1748 munem
193 1710 305 1749 societatem
318 1711 422 1749 nobiscum
432 1710 517 1755 vivendi!
529 1702 626 1764 quantum
636 1722 646 1748 a
657 1711 685 1749 Te
692 1711 775 1749 Domine

100 1791 210 1829 possumus
223 1781 330 1829 promereri
347 1785 366 1818 et
379 1785 470 1818 nostrum
482 1786 512 1818 est
521 1768 592 1829 largiri,
611 1780 696 1819 siccum
709 1781 774 1818 electis

99 1850 146 1894 tuis,
160 1849 205 1887 aTe
215 1854 361 1888 remuneratore
379 1850 471 1888 omnium
493 1850 594 1888 bonorum
614 1850 678 1888 valeat
693 1849 774 1898 praemia

101 1918 219 1968 repromissa
232 1919 336 1968 percipere.
348 1919 383 1957 Per
394 1919 494 1957 Christum
507 1919 531 1957 D.
545 1923 645 1957 nostrum.
659 1918 731 1957 Amen.

128 1989 162 2026 His
174 1988 231 2026 dictis
248 1989 349 2027 eleventur
361 1993 379 2026 et
393 1993 521 2038 aspergantur
532 2000 583 2036 aqua
595 1987 697 2025 benedicta
713 1993 732 2026 et
743 1999 776 2026 os-

100 2058 191 2096 culentur
208 2063 318 2097 reverenter
335 2059 398 2108 primo
419 2060 485 2102 altare,
503 2058 590 2097 secundo
606 2057 698 2106 priorem,
717 2058 775 2096 tertio

100 2128 168 2165 iratres
177 2132 197 2165 et
206 2134 251 2177 post
263 2129 382 2167 collocentur
392 2128 411 2166 in
424 2127 500 2166 ultimis
509 2128 557 2166 locis
570 2127 632 2165 chori.

130 2208 160 2245 14.
177 2197 300 2236 Probattonts
312 2203 393 2248 tempus
405 2198 511 2236 statuimus
529 2208 563 2246 per
578 2208 653 2235 annum
666 2197 774 2246 integrum,

101 2271 123 2304 ut
136 2266 204 2305 novitii
217 2268 339 2306 austeritates
351 2267 451 2316 religionis
463 2271 482 2304 et
493 2268 562 2305 fratres
577 2266 697 2305 novitiorum
710 2277 776 2304 mores

100 2336 232 2385 experiantur.
257 2348 286 2386 15.
299 2337 407 2375 Statuimus
419 2341 487 2375 autem
499 2341 521 2375 ut
532 2336 600 2376 novitii
612 2336 675 2375 clerici
686 2339 776 2385 tempore.

102 2406 208 2445 novitiatus
218 2406 248 2446 sui
255 2406 323 2447 divino
336 2407 400 2446 officio
410 2406 529 2446 addiscendo
539 2406 578 2445 sint
587 2406 655 2445 intenti
669 2416 705 2444 nec
710 2405 777 2455 aliquo
