1631 2703
100 114 125 166 38
357 119 519 150 cousnrurrouas

99 201 164 236 stante
172 208 298 246 quacumque
306 195 382 234 licentia
392 196 447 246 prius
455 195 528 235 talibus
536 206 683 245 aquocumque
692 206 773 234 conces-

99 277 120 305 sa
133 277 191 315 super
202 271 228 304 rs
229 277 253 304 rs

127 345 146 384 7
159 335 205 373 lem
218 340 248 373 sta
249 334 353 373 tuimuset
362 334 565 384 ordinamusquodin
575 333 665 383 quolibet
674 324 773 372 conventu

100 409 145 443 nost
147 405 161 442 ri
137 404 251 443 tordinis
262 415 320 442 casus
331 403 452 453 episcopales
463 415 515 453 quos
521 405 619 442 locorum
632 402 773 450 ordinariisibi

100 474 208 524 specialiter
220 484 318 511 reservare
335 478 488 518 consueverunt,
501 473 521 511 in
534 473 600 522 aliquo
609 472 712 511 communi
729 473 776 520 loco

100 544 216 589 habeantur,
229 543 257 581 sic
263 542 318 592 quod
327 544 394 581 fratres
403 543 428 580 ad
436 543 558 581 audiendum
565 543 701 588 confessiones
712 527 774 591 'depu-

101 613 135 651 tati
144 624 212 651 eorum
224 613 301 661 copiam
314 612 392 650 faciliter
401 613 472 650 habere
484 613 568 661 possint,
579 612 617 651 sub
629 623 688 661 poerra
699 612 774 661 gravio-

102 682 127 721 ris
144 682 206 731 culpae
218 682 276 730 priori
297 686 317 719 et
328 681 425 730 SUbPl'iOI‘l
443 693 477 731 per
494 681 564 720 Xdres
573 681 688 731 infligenda
699 683 718 720 8.
732 681 775 720 Sint

101 751 386 800 etiamprioressollicitieta
387 751 478 789 ttentit
456 756 478 789 ut
490 751 552 789 sciant
572 750 691 795 ethabeant
703 755 775 789 statuta

102 820 220 871 synodalia
215 832 235 858 ιιι
246 820 320 868 quibus
329 822 441 869 frequenter
453 821 542 859 feruntur
553 819 662 864 sententiae
676 824 695 857 et
711 820 775 875 aliqua

103 890 233 938 prohibentur
242 901 286 938 quae
307 889 438 928 necessarium
451 895 480 928 est
489 889 537 927 scire
549 876 683 928 confessiones
694 889 776 927 Christi-

102 959 191 997 frdelium
204 959 314 997 audituros.
332 959 359 997 De
371 959 427 997 dictis
439 964 504 997 autem
520 959 598 997 casibus
616 959 713 1007 episcopis
731 970 776 1007 spe-

102 1028 153 1081 cialit
146 1033 175 1066 ter
187 1028 290 1070 reservatis
303 1029 370 1066 fratres
388 1029 442 1066 nullo
460 1028 520 1066 modo
532 1032 655 1077 praesumant
647 1021 774 1073 t,absolrere

101 1098 157 1147 juxta
169 1097 313 1136 ordinationem
326 1109 361 1135 seu
378 1097 464 1135 consttiu
466 1098 541 1135 tionem
556 1096 647 1135 Concilii
650 1096 777 1146 Viennensis,

102 1178 142 1210 nisiv
136 1167 214 1205 forsan
224 1167 260 1204 frat
253 1170 283 1204 ter
294 1166 364 1215 aliquis
384 1178 444 1216 super
456 1167 513 1205 certis
524 1167 602 1205 casibus
614 1166 712 1212 licentram
726 1166 777 1216 epis-

103 1237 153 1286 copi,
160 1236 264 1286 specialem
278 1235 412 1286 baberetffol.
424 1233 470 1287 rib)
479 1241 498 1274 et
505 1239 625 1285 expressam.
635 1247 654 1286 9.
665 1236 708 1274 Sint
717 1236 777 1281 etiami

103 1306 177 1355 priores
189 1305 318 1355 provinciales
329 1305 398 1355 vigiles
407 1310 429 1344 ut
438 1306 457 1343 ιιι
468 1305 600 1350 conventibus
607 1317 687 1351 suarum
700 1306 777 1356 provin-

103 1376 176 1417 ciarum
189 1375 275 1413 habeant
282 1382 339 1413 casus
349 1375 368 1413 in
376 1375 450 1423 quibus
459 1375 556 1414 sententia
565 1375 777 1421 excommunicationis

103 1444 208 1499 incurritur
218 1444 261 1493 ipso
271 1444 322 1494 jure,
337 1450 355 1482 et
365 1445 463 1493 praecipue
483 1444 507 1482 de
518 1444 577 1483 Sexto
588 1444 638 1482 libro
651 1445 776 1492 decretalium

103 1513 179 1552 domini
191 1514 247 1562 Papa
264 1513 393 1558 Bonifacii,'et
404 1514 428 1551 de
442 1513 617 1552 constitutionibus
629 1514 705 1552 concilii
717 1514 777 1560 Vien-

104 1583 178 1626 nensis,
190 1586 288 1630 quantum
301 1593 335 1631 pro
345 1582 394 1631 ipsis
405 1583 498 1625 fratribus
509 1588 528 1620 et
539 1583 698 1629 confessionibus
711 1595 778 1628 neces

103 1651 176 1690 sarium
186 1652 244 1696 fuerit
256 1656 275 1689 et
286 1651 371 1696 salubre,
385 1651 438 1690 aliter
447 1656 513 1691 autem
531 1651 555 1689 ad
571 1652 685 1701 hujusmodi
702 1653 777 1702 pericu-

103 1722 169 1760 losum
179 1721 266 1759 officium
280 1721 346 1759 nullus
356 1721 380 1758 ab
389 1722 454 1770 aliquo
464 1722 580 1760 licentietur.
589 1732 591 1736 ’

107 1830 110 1833 ⁴
133 1801 162 1828 ro.
176 1789 317 1840 Confessiones
329 1795 395 1828 autem
407 1790 427 1828 in
437 1789 530 1829 domibus
540 1790 613 1829 nostris
622 1791 642 1829 in
655 1791 702 1830 locis
715 1793 778 1830 mani-

103 1860 158 1897 festis
175 1863 194 1896 et
206 1870 246 1897 non
258 1858 304 1896 alibi
316 1859 420 1897 audiantur
432 1864 450 1897 et
462 1860 482 1897 in
499 1861 659 1899 confessionibus
670 1866 723 1900 extra
742 1862 778 1901 do-

104 1940 148 1967 mos
158 1932 235 1966 nostras
252 1928 355 1966 audiendis
373 1930 449 1967 fratera
467 1931 523 1967 fratre
544 1929 639 1977 videatur,
660 1930 698 1969 sub
718 1942 777 1980 poena

103 1998 199 2047 gravioris
208 1999 271 2046 culpae
283 2009 317 2046 per
325 1983 426 2036 tresidies.

133 2079 162 2105 11.
176 2067 228 2105 Nulli
242 2067 294 2105 fratri
306 2067 408 2116 illegitimo
418 2069 449 2105 vel
460 2067 561 2116 irregulari
572 2079 608 2106 seu
620 2069 677 2107 etiam
695 2070 738 2109 loco
759 2076 778 2109 et

103 2149 150 2175 voce
160 2136 232 2174 carenti
242 2148 288 2175 cura
299 2137 385 2175 tradatur
399 2137 519 2180 animarum,
538 2149 574 2181 nec
586 2138 720 2178 confessiones
740 2141 778 2178 fra-

102 2212 156 2245 trum
175 2217 210 2244 nec
221 2211 359 2245 extraneorum
372 2207 439 2245 audire
458 2206 589 2255 permittatur,
611 2208 649 2246 nisi
669 2220 728 2258 super
740 2210 778 2248 boc

103 2275 223 2313 sufficienter
234 2287 279 2313 cum
295 2276 322 2314 eis
334 2277 392 2314 fuerit
404 2276 548 2324 dispensatum,
562 2281 581 2314 et
598 2277 635 2315 nisi
647 2277 713 2326 aliquo
730 2290 777 2317 casu

102 2344 163 2383 arduo
175 2350 266 2382 currente
276 2344 328 2393 prior
340 2344 437 2394 generalis
450 2345 479 2382 vel
487 2345 594 2394 capitulum
603 2345 721 2394 provinciale
730 2359 776 2385 cum

102 2415 145 2452 loco
155 2418 174 2452 et
183 2426 231 2466 voce
243 2414 353 2459 carentibus
363 2415 492 2464 dispensaret,
506 2416 544 2455 sub
561 2427 620 2472 poena
629 2416 724 2465 gravioris
736 2418 778 2456 cul-
