1631 2703
272 122 351 151 RUBRICA
365 119 421 150 XXXlV
432 120 444 123 ’⁴
665 123 698 150 lOl

31 195 119 233 cundum
132 191 246 244 qualitatem
255 191 273 233 et
291 194 421 245 quantitatem
431 197 494 235 delicti
509 192 622 247 infligenda¹
631 198 651 236 Si
668 207 703 235 au*

31 269 71 301 tem
84 264 175 302 clericum
194 261 306 302 saecutarem
324 265 440 313 percusserit
455 267 480 303 ab
493 266 702 304 excommunicationis

32 332 128 369 sententia
137 343 196 380 quam
209 332 289 370 incurrit
301 346 312 370 a
323 328 429 370 diocesano
440 334 560 377 absolvatur,
573 340 592 372 et
604 329 703 382 poenitenss

32 400 78 438 tiam
91 400 250 448 de'percussione
262 397 383 438 ‘saecularium
398 398 483 438 taxatam
496 397 604 440 secundum
621 402 702 450 exigenss

32 468 79 506 tiam
88 468 152 506 delicti
165 469 220 506 faciat
229 465 365 518 aggravatam.
382 466 480 508 Volumus
492 467 619 518 enim,'quod
632 481 702 508 secun*

33 538 81 575 dum
91 537 204 585 qualitatem
217 543 235 575 et
245 539 372 586 quantitatem
386 536 502 576 excessuum
515 543 533 575 et
542 537 624 587 gradum
641 544 660 576 et
673 539 702 575 dt:

32 602 127 653 gnitatem
136 605 215 653 injurias
222 603 336 655 patientium
346 606 393 644 tami
402 611 437 645 stae
444 618 507 656 poenae
516 602 574 655 quam
583 607 624 644 aliae
632 602 702 644 taxatae

32 675 52 711 in
62 674 242 713 constitutionibus
256 680 394 724 aggraventur.
417 694 420 697 ·

59 743 78 780 8.
94 743 140 780 ltem
153 744 258 782 statuimus
270 745 324 792 quod
333 745 401 781 fratres
416 744 478 782 nostri
487 755 541 781 arma
556 755 595 781 non
608 744 700 787 habeant,

32 822 67 848 nec
76 816 161 860 portent,
175 824 210 850 nec
220 813 337 857 custodiant,
352 824 387 850 nec
396 812 469 857 haberi,
481 812 552 861 portari
565 813 594 850 vel
607 811 702 850 custodiri

31 880 56 916 ab
73 880 115 918 aliis
127 881 196 918 faciant
205 871 230 918 ad
243 893 290 919 suos
305 877 394 930 proprios
409 878 458 919 usus
475 882 523 918 intra
538 886 658 918 conventum
671 881 702 917 vel

31 954 91 993 extra,
102 950 131 987 vel
143 950 162 987 in
172 950 261 999 capitulis
269 952 300 988 vel
312 950 331 987 in
341 950 526 999 congregationibus
535 955 568 987 aut
580 950 598 987 in
611 949 647 987 viis
659 949 702 997 qui-

31 1017 162 1066 buscumque,
175 1019 212 1056 sub
224 1030 282 1067 poena
295 1018 408 1068 privationis
420 1019 455 1056 loci
468 1025 487 1056 et
499 1018 552 1056 vocis
564 1023 582 1056 et
595 1017 701 1067 privatione

31 1097 107 1130 eorum,
121 1086 157 1140 nisi
169 1087 193 1124 de
205 1087 280 1125 licentia
289 1087 319 1126 sui
332 1086 437 1135 superioris
449 1099 472 1125 ex
483 1098 548 1125 causa.
561 1087 600 1124 Nec
611 1086 701 1124 cultellos

32 1159 135 1205 punctatos
153 1156 177 1193 ad
194 1156 324 1194 scindendum
336 1167 406 1204 panem
421 1157 452 1193 vel
469 1167 600 1204 quaecumque
611 1155 645 1192 alia
658 1165 702 1207 por·

31 1228 79 1267 tent,
94 1228 163 1272 praeter
172 1236 252 1273 parvum
270 1224 408 1273 tempatorium
424 1225 447 1262 ad
459 1224 553 1273 aptandas
570 1234 652 1272 pennas,
665 1211 701 1272 nee

32 1292 134 1330 manubria
145 1293 169 1330 de
184 1304 231 1331 auro
252 1294 282 1330 vet
299 1298 381 1343 argento
398 1298 474 1337 ornata,
491 1293 520 1330 vel
532 1303 591 1330 zonas
604 1292 627 1329 de
639 1290 701 1329 serico

32 1362 62 1398 vel
72 1361 142 1399 bursas
153 1367 231 1401 ornatas
243 1362 267 1399 de
285 1362 347 1400 serico
359 1362 453 1408 colorato,
467 1362 504 1401 sub
514 1372 572 1410 poena
587 1359 701 1410 privationis

33 1430 148 1469 eorundem.

113 1546 172 1585 Ruun.
186 1534 267 1584 xxxiv.
278 1546 305 1584 Da
316 1535 462 1585 conrunacruus
471 1556 494 1583 er
504 1555 618 1583 nauatuaus.

64 1685 79 1711 1.
97 1673 204 1712 Statuimus
219 1678 284 1711 autem
303 1678 321 1711 et
333 1672 464 1722 praeciptmus,
482 1672 536 1721 quod
550 1672 620 1710 tratres
632 1681 701 1708 omnes

35 1744 76 1781 suis
87 1742 221 1791 superioribus
234 1741 330 1780 'obediant
341 1742 360 1780 in
373 1742 465 1780 omnibus
477 1741 533 1779 licitis
544 1745 564 1778 et
574 1739 670 1784 honestis,
683 1744 703 1777 et

34 1811 154 1861 quicumque
165 1812 185 1850 in
197 1812 311 1861 hujusmodi
324 1811 425 1860 praeceptis
435 1807 585 1849 inobedientiam
595 1821 650 1848 suam
659 1819 703 1858 per-

34 1882 123 1920 tinaciter
133 1883 163 1919 vel
171 1881 267 1926 malitiose
279 1881 391 1923 defenderit,
405 1880 470 1929 ipsum
480 1878 632 1922 inobedientem,
640 1878 703 1916 rebel-

35 1953 73 1989 lem
91 1948 265 1989 et'comumacem
284 1950 396 1999 judicamus
414 1954 433 1986 et
452 1948 521 1987 carceri
542 1947 701 1997 mancipandum,

35 2018 130 2070 quamdiu
147 2020 205 2070 priori
219 2019 336 2069 ‘provinciali
354 2019 384 2057 vel
401 2018 486 2066 capitulo
506 2017 618 2066 provinciali
638 2016 702 2054 visum

35 2090 94 2128 tuerit
109 2087 207 2138 expedire.
222 2100 226 2110 ²

62 2171 81 2197 2.
97 2159 221 2208 anungimus
233 2162 298 2195 autem
317 2156 411 2195 omnibus
419 2161 437 2194 et
448 2155 530 2205 singulis
538 2155 636 2200 tratribus,
650 2153 703 2202 quod

36 2226 75 2267 sint
87 2227 237 2276 in'adJ'utorium
249 2226 347 2275 prioribus
359 2230 378 2263 et
386 2225 469 2273 praelatis
477 2224 547 2262 'contra
561 2222 701 2268 inobedientes,

37 2295 147 2335 rebelleset
163 2301 288 2334 contumaces
304 2295 328 2332 ad
339 2293 462 2342 capiendum,
475 2292 576 2342 ligandum
589 2296 609 2329 et
620 2291 703 2328 incarce-

38 2363 121 2404 randum
134 2377 174 2413 eos,
190 2365 206 2403 si
217 2364 298 2402 evidens
315 2362 420 2401 necessitas
432 2363 469 2400 hoc
480 2361 572 2410 requirat:
585 2360 703 2409 Transgres-
