1631 2703
257 102 325 132 oenrn.
341 104 360 131 a.
376 103 394 131 o.
413 104 469 141 1345·
661 102 696 144 147

29 172 100 221 piendo
118 174 236 214 mandamus
247 176 340 215 omnibus
357 177 448 215 tratribus
463 176 527 219 nostri
543 177 617 216 ordinis
631 179 698 227 cujus-

29 240 114 291 curiaque
126 248 196 290 status,
209 245 282 293 gradus
296 252 329 293 ant
344 246 462 284 conditionis
474 246 583 284 exstiterint
594 247 612 284 in
626 247 698 285 tirtute

29 315 102 357 sanctae
110 311 225 349 obedientiae
240 324 263 350 ne
275 313 319 350 alibi
331 314 425 362 prandere
437 315 467 351 vel
479 324 557 352 coenare
570 315 656 352 audeant
667 317 697 353 vel

30 371 157 427 praesumant,
168 381 329 430 praeterquamin
342 382 442 419 refectorio
451 382 481 419 vel
492 381 511 419 in
523 382 583 420 domo
595 382 696 433 tospitum

30 447 70 484 sive
87 435 253 499 ininfirmatorio
266 449 350 487 infirmis
364 450 462 487 debilllus
473 455 491 486 et
500 450 586 498 antiquis
603 451 704 499 exceptis..

29 514 67 559 Qui
79 515 180 553 societates
193 517 289 564 praedictis
298 517 421 566 temporibus
433 523 499 563 terrere
511 529 636 566 nequaquam
648 530 697 567 prae-

29 585 109 635 stimant
120 585 154 622 sed
166 585 230 622 solum
241 585 283 623 suls
294 585 389 623 ministris
398 586 437 623 siut
446 586 533 624 contenti
543 586 580 624 sub
594 588 697 635 praemisso

30 636 133 700 praecepto,
141 653 175 689 .vel
188 651 225 689 nisi
238 663 295 690 causa
304 653 389 690 :evidens
403 658 422 691 et
434 654 541 690 necessaria
553 654 624 698 subsit,
637 665 696 702 quarn

29 716 118 769 superior
130 719 207 758 habebit
221 721 337 759 discernere.

45 789 100 826 ¹item
112 789 181 826 eodem
200 790 292 827 mandato
303 795 322 833 et
343 795 441 837 praecepto
462 790 587 838 praecipimus
599 791 697 839 prioribus

29 847 129 901 localibus,
143 857 280 906 subprioribus
293 868 334 896 seu,
344 856 420 895 vicariis
432 869 455 894 ne
467 858 535 895 fratres
553 858 697 907 cujuscumque

29 931 93 963 status
107 926 127 963 et
140 926 212 975 gradus
226 926 309 970 fuerints
318 926 365 964 sine
382 937 449 964 eorum
463 926 539 974 speciali
552 926 627 965 licentia
644 932 696 969 extra

29 993 152 1032 refectorium
165 994 195 1032 vel
205 994 356 1032 infirmatorium
377 994 469 1042 prandere
481 995 511 1032 vel
524 1006 601 1032 coenare
619 995 697 1044 permit⁷

29 1067 77 1108 tant,
92 1074 126 1109 nec
135 1063 202 1101 leviter
211 1074 246 1101 nec
257 1063 372 1112 generaliter
382 1062 425 1100 sine
434 1051 490 1101 causa
499 1074 590 1112 expressa
602 1068 621 1102 et
630 1075 697 1102 neces·
715 1069 719 1086 -’

29 1131 77 1169 saria
84 1131 190 1178 licentient
201 1131 440 1180 magistrisintheologia
449 1132 552 1169 dumtaxat
559 1132 652 1181 exceptis,
663 1144 696 1174 eo-

28 1199 74 1238 dem
83 1198 143 1239 modo
154 1211 194 1249 quo
201 1200 291 1249 superius
301 1199 324 1237 de
337 1199 430 1248 magistro
437 1200 512 1248 regenti
522 1200 612 1250 Parysius
623 1206 653 1239 est
662 1212 696 1239 ex-

29 1271 127 1317 pressum.

54 1338 100 1376 ltem
109 1337 128 1375 in
138 1337 205 1376 eadem
218 1337 293 1375 rubrica
305 1337 387 1384 addatur
397 1336 451 1385 quod
460 1336 476 1374 si
485 1337 555 1386 aliquis
566 1338 622 1375 frater
635 1339 702 1379 nostri

28 1406 102 1444 ordinis
120 1406 210 1444 ebriosus
227 1405 359 1444 communiter
381 1405 474 1443 iuventus
494 1406 589 1443 fuerit'ac
601 1407 655 1444 intus
666 1408 703 1444 vel:

28 1481 81 1515 extra
92 1474 125 1512 ubi
136 1479 246 1513 conventus
258 1474 353 1512 habemus
363 1474 392 1511 vel
404 1474 456 1523 apud
469 1475 570 1512 saeculares
583 1475 695 1513 communis

28 1541 105 1593 potator
116 1543 208 1581 inventus
220 1544 250 1581 vel
263 1547 363 1591 reputatus
380 1543 444 1586 fuerit,
458 1536 566 1581 secundum
583 1544 704 1582 aestimatio..

29 1624 74 1651 nem
86 1613 185 1651 bonorum
206 1612 264 1650 trium
282 1612 311 1649 vel
327 1616 412 1660 quatuor
424 1612 505 1649 fratrum
517 1612 540 1648 de
552 1617 659 1657 conventu,
672 1613 696 1650 ad

27 1679 112 1730 aliquam
119 1680 232 1718 electionem
242 1680 323 1717 activam
333 1680 364 1717 vel
372 1680 471 1728 passivam
480 1679 521 1718 sive
527 1680 551 1717 ad
558 1675 697 1719 testimouium

30 1750 82 1788 nullo
95 1749 155 1787 modo
164 1748 285 1787 admittatur.
344 1781 345 1784 ,

54 1819 102 1860 item>
110 1817 129 1855 in
140 1817 224 1856 Rubrica
237 1817 282 1855 Vde
291 1816 367 1854 silentio
377 1817 457 1855 fratrum
466 1822 484 1854 et
496 1817 594 1855 locutione
607 1818 639 1856 ubi
649 1818 696 1855 dici-

28 1885 97 1938 tur(r)
109 1886 163 1935 quod
174 1886 190 1924 si
202 1886 247 1934 quis
259 1885 372 1940 conviciose
383 1889 403 1922 et
412 1886 498 1923 clamose
507 1886 527 1923 in
537 1897 605 1924 mensa
617 1887 695 1925 locutus

28 1957 85 1994 fuerit
96 1967 107 1993 a
118 1954 234 2004 praesidente
243 1954 342 1993 silentium
352 1954 368 1991 ei
377 1953 496 2002 imponatur,
507 1955 545 1992 sub
553 1965 611 2003 poena
619 1954 697 2009 gravi07
709 1992 711 1996 ,

29 2024 54 2063 ris
63 2025 134 2073 culpae,
147 2023 242 2061 addatur:
253 2017 335 2072 quodsi
345 2028 423 2072 propter
432 2024 469 2060 hoc
478 2023 592 2061 scandalum
605 2029 695 2062 secutum

29 2094 85 2132 fuerit
96 2092 129 2131 tali
138 2092 168 2130 XL
179 2091 221 2129 dies
230 2092 254 2129 ad
264 2096 340 2148 portam
350 2092 418 2129 lrabeat
430 2091 536 2140 assignare.

45 2164 101 2201 ‚ltem
110 2162 130 2199 in
139 2161 206 2199 eadem
217 2160 301 2199 Robrica
310 2161 406 2210 addatur:
419 2160 473 2209 quod
484 2160 565 2208 quilibet
575 2161 630 2199 frater
641 2161 696 2199 alteri
712 2178 713 2181 ¹

29 2232 80 2270 fratri
88 2242 132 2269 cum
145 2230 250 2268 reverentia
259 2230 350 2284 loquatur
358 2240 362 2276 ς
373 2229 389 2267 si
399 2229 443 2276 quis
455 2233 520 2266 autem
529 2229 582 2266 alteri
591 2228 697 2267 irreveren-

45 2378 71 2440 (ι)
84 2376 129 2411 11-ss-
