1616 2703
90 89 129 139 276
176 125 178 130 .
227 97 228 100 ’
352 101 502 130 auuornnones
520 117 522 120 ψ

88 174 142 213 disse
153 175 221 225 ibique
236 176 322 214 lauream
335 176 450 215 doctoratus
470 175 577 225 accepisse,
590 175 644 225 quod
656 179 686 214 est
706 168 770 214 maniss

89 245 153 283 festus
162 245 338 294 anachronismus;
356 245 427 295 pariter
438 245 505 294 ipsum
520 246 621 294 usquead
634 245 769 283 centesimum-

90 314 190 353 decimum
203 314 295 364 quintum
308 326 383 354 annum
393 315 439 354 vitae
451 315 565 365 pervenisse
575 326 598 353 eo
613 315 681 353 minus
692 315 769 354 admitti

90 388 164 433 potest,
179 384 233 433 quod
253 389 323 433 praeter
332 384 485 423 affirmationem
500 383 585 423 auctoris
596 384 688 434 Epistola
702 383 769 435 Cyrilli

89 454 144 502 quod
157 453 286 502 quadraginta
297 455 385 503 quinque
400 453 455 492 annis
467 454 573 492 conventui
592 453 667 491 montis
684 454 768 491 Carmeli

90 522 195 572 praefuerit,
211 529 230 561 et
239 528 310 572 praeter
321 524 454 574 conjecturam
474 523 586 562 secundum
599 534 659 573 quam
672 522 722 561 circa
734 535 768 562 an-

92 603 141 630 num
157 603 204 642 1155
219 593 284 642 primo
293 594 385 631 eremitas
399 593 520 638 adunaverit,
534 592 582 630 nihil
595 605 605 630 e
617 592 706 631 sontibus
721 593 769 631 hau-

91 661 181 699 riendum
194 666 224 700 est
236 661 289 700 unde
298 662 427 711 chronologia
439 661 588 701 determinetur.
601 661 671 711 Neque
688 660 712 699 de
724 661 767 711 ipso

91 731 134 779 eius
144 732 225 769 nomine
234 731 369 770 consentiunt.
380 731 512 780 Praeterquam
525 731 580 780 quod
593 735 637 769 tum
647 731 715 768 Baleus
723 735 767 769 tum

90 798 171 848 antiqua
184 799 278 837 breviaria
292 800 355 837 torma
370 798 457 838 nominis
470 799 585 837 Bartholdrrs
596 803 684 843 utantur,
698 799 765 838 Marti·
806 789 807 792 ¹

92 880 130 907 nus
140 869 230 907 Personae
242 869 299 907 italus
307 866 339 920 (1)
350 879 396 907 eum
406 869 530 907 Barrolidum
542 869 639 907 nominat.

116 938 195 982 Festum
210 938 230 976 S.
248 938 349 976 Bertholdi
364 938 402 976 sub
416 938 454 976 ritu
470 938 543 987 duplici
556 937 620 986 primo
632 937 733 977 invenitur
747 938 767 976 in
805 926 807 929 V

89 995 190 1056 provincia
201 1006 279 1056 Angliae
294 1005 342 1045 circa
357 1018 431 1044 annum
448 1017 495 1057 1525
507 1005 545 1057 (2),
559 1006 685 1055 probabiliter
694 1017 735 1045 non
747 1006 767 1046 vi

89 1075 172 1125 alicujus
185 1076 256 1114 decreti
270 1076 306 1114 sed
324 1087 347 1114 ex
359 1075 464 1113 devotione
475 1061 627 1123 celebrandum3
646 1076 717 1114 deinde
734 1086 768 1125 per
803 1076 806 1112 i

90 1144 199 1194 capitulum
212 1145 302 1195 generale
313 1144 360 1183 anni
375 1142 425 1194 1564
434 1143 572 1193 praescriptum
585 1144 622 1183 luit
634 1156 669 1194 pro
679 1156 704 1196 29
714 1146 766 1183 Mar·

89 1214 119 1259 tit,
127 1226 148 1252 ac
160 1214 246 1263 denique
257 1214 277 1252 in
287 1214 426 1253 reformatione
434 1214 529 1253 librorum
539 1214 648 1253 choralium
656 1225 708 1253 anno
717 1217 767 1265 1584

28 1292 37 1304 ·
90 1282 193 1331 peractas.
206 1283 288 1321 Rituum
300 1282 435 1332 Congregatio
444 1284 521 1321 cultum
533 1282 655 1331 approbavit.

317 1390 335 1418 ε.
350 1380 379 1417 De
394 1379 413 1417 S.
426 1379 538 1418 uaocnoo.

115 1464 205 1503 Brocardi
214 1464 353 1503 theutonicum
364 1476 437 1503 nornen
445 1465 502 1502 valde
514 1464 609 1502 usitatum
619 1468 649 1502 est
660 1468 719 1513 atque
732 1465 767 1502 ho·
804 1486 805 1500 1

89 1533 164 1572 minem
176 1534 316 1572 occidentalem
332 1534 428 1584 designat,
445 1535 498 1573 unde
511 1534 623 1572 nullatenus
635 1533 712 1572 admitti
725 1539 766 1583 pot·

88 1609 119 1644 est
130 1602 168 1654 (uti
181 1604 297 1642 recentiores
309 1609 399 1643 auctores
411 1605 512 1652 asserunt)
529 1615 575 1641 eum
590 1603 652 1642 fuisse
672 1603 765 1642 Hieroso·

88 1673 148 1724 lymis
160 1677 236 1718 natum,
250 1674 355 1712 Hebraeum
370 1684 449 1723 genere,
466 1673 594 1711 Hebraeorum
606 1673 716 1718 doctorem,
730 1673 767 1711 lin·

87 1742 133 1792 guis
142 1742 225 1781 hebraeis
236 1747 256 1781 et
264 1743 334 1792 graecis
346 1742 488 1792 peritissimum
498 1735 534 1787 &cy
545 1753 591 1791 quae
597 1742 663 1780 omnia
673 1753 707 1791 per
718 1754 766 1781 con·
803 1786 804 1789 Ἴ

85 1813 182 1862 jecturam
194 1824 279 1861 eamque
290 1824 360 1861 parum
373 1811 502 1861 probabilem,
514 1812 584 1860 partim
594 1812 678 1849 omnino
690 1811 765 1861 impro-
803 1831 807 1844 s

88 1882 173 1927 habilem
189 1883 264 1930 dicunt.
278 1882 353 1920 Unicus
365 1882 418 1920 enim
431 1883 475 1920 tons
487 1882 540 1921 unde
554 1881 659 1932 aliqualem
675 1882 764 1920 notitiam

110 2043 132 2084 (il
143 2040 181 2074 ΜΞ,
192 2041 285 2083 Selden41
294 2051 355 2083 supra,
363 2040 381 2073 in
397 2038 493 2083 principio,
503 2046 521 2073 et
529 2038 596 2072 ibidem
606 2039 625 2072 in
638 2038 674 2072 fine
688 2038 707 2072 in
717 2039 767 2073 addi·

87 2099 272 2134 tamentoadTrissae
279 2099 388 2143 catalogum.
802 2125 806 2148 ζ

110 2159 132 2200 (al
140 2159 161 2192 In
169 2159 208 2192 MS.
217 2158 301 2192 Univers.
312 2158 389 2191 Cantab
401 2157 427 2191 Ff.
438 2158 454 2191 6.
466 2158 493 2191 28.
502 2158 541 2191 Fol.
552 2157 584 2200 19b
590 2157 637 2200 (dies
643 2167 681 2190 non
687 2156 765 2201 assigna·
802 2190 805 2202 >

87 2219 132 2261 tur).
142 2218 162 2250 ln
171 2217 297 2251 additionibus
304 2216 432 2260 manuscriptis
441 2218 463 2250 ad
471 2215 583 2249 Brevlarium
589 2215 712 2250 Venetianum
721 2216 764 2249 anni
802 2218 805 2256 ᾖ

89 2277 133 2319 1504
141 2276 170 2319 (in
176 2276 275 2320 exemplari
284 2276 349 2310 Musaei
365 2275 476 2319 Britannici)
487 2275 567 2308 habetur
576 2275 693 2316 Bertholdus,
704 2274 733 2308 die
741 2284 762 2308 1o
806 2302 808 2306 ,

87 2335 161 2378 Martii3
170 2335 214 2369 item
223 2336 242 2368 in
249 2334 319 2369 Missali
328 2334 431 2369 Venetiano
439 2335 484 2379 1574
493 2341 510 2367 et
523 2333 615 2368 Breviario
626 2334 669 2379 1579
677 2333 761 2368 Barthol-
806 2323 808 2348 1

87 2396 121 2429 dus
130 2394 154 2428 ad
164 2405 185 2438 29
193 2394 260 2429 Martii.
