1616 2703
280 103 303 130 oe
312 101 378 131 nome
389 101 477 130 canneto
678 91 715 139 287

41 178 135 219 humanis
143 176 231 217 scientiis
239 178 336 223 eruditus,
345 177 427 228 ingenio
440 177 522 227 probus,
534 176 613 226 eloquio
621 175 715 221 disertus,

42 249 200 298 cosmographus
217 253 237 287 et
255 248 362 287 historicus
379 247 497 297 praecipuus,
519 249 589 285 terram
609 246 717 284 Palaestinae

41 319 138 370 adjunctis
161 318 197 357 sibi
216 319 324 357 comitibus
339 318 424 368 propriis
445 317 525 356 calcavit
544 317 640 366 pedibus3
662 317 715 366 Mag.

41 390 99 427 trater
110 388 208 427 Galtridus
220 389 292 427 Reclus
304 388 421 426 venerabilis
434 388 487 437 prior
506 392 618 425 conventus
630 386 717 436 supradi-

41 459 67 498 cti
75 463 94 497 et
105 459 174 497 doctor
182 459 201 497 in
210 471 226 497 s.
241 458 311 508 pagina
323 458 425 498 associatis
437 458 473 496 sibi
487 457 606 507 quibusdam
623 457 716 496 fratribus

42 530 146 579 praefatum
167 529 284 579 magistrum
301 529 403 568 Nicolaum
421 528 457 566 tria
478 527 567 566 milliaria
581 527 676 566 conduxit
690 538 716 565 20

41 599 72 637 die
84 598 157 648 Aprilis
169 601 221 637 a'nno
236 599 293 647 1487.
304 598 396 636 Nicolaus
409 597 428 635 in
440 598 540 637 Franciam
550 591 647 636 ¹reversus
670 597 717 635 scri-

42 669 81 719 psit
93 668 116 706 ad
129 668 273 707 nobilissimam
285 673 334 706 tunc
346 668 413 707 Galliae
422 668 511 718 reginam
521 668 647 716 Margaretam
656 666 717 706 libros

42 738 92 777 duos
101 750 147 777 cum
157 737 277 788 imaginibus
290 742 310 776 et
319 738 399 788 picturis
408 749 412 775 :

72 820 88 846 1.
101 808 223 847 itinerarium
241 807 305 846 Terrae
318 808 400 847 Sanctae.
423 807 484 857 lncip.
504 807 575 845 Sancta
592 819 614 845 ac
627 806 717 846 salutaris

42 877 155 928 progressio
168 889 244 916 necnon
253 877 351 916 meritoria
361 877 499 927 peregrinatio.

69 960 88 986 2.
99 948 127 986 De
139 952 207 986 monte
218 947 277 985 Sinai.
290 947 350 996 lncip.
364 947 454 986 Historiis
467 947 527 986 sacris
545 947 647 992 revolutis,
664 958 716 995 quos

41 1018 93 1068 apud
99 1018 195 1066 Jacobum
201 1017 325 1055 Herenberck
332 1018 459 1055 alemannum
469 1017 556 1066 imprimi
565 1017 618 1062 tecit,
626 1029 648 1055 ac
656 1016 715 1055 etiam

41 1088 61 1126 in
73 1087 165 1138 gallicum
177 1087 242 1126 vertit.
255 1088 263 1135 (
277 1085 293 1138 ).

64 1158 164 1206 Johannes
171 1156 234 1206 Fritag
242 1168 267 1194 ex
275 1156 410 1205 Dusseldorpa
417 1156 523 1203 oriundus,
534 1156 603 1194 doctor
611 1156 717 1194 Colonien-

42 1227 76 1275 sis,
92 1227 145 1276 prior
167 1225 299 1276 Moguntinus
316 1224 394 1277 (1470),
409 1225 534 1264 Coloniensis
551 1227 629 1275 (1472),
651 1225 718 1263 Trevi-

41 1294 215 1346 rensis(1474)ac
237 1295 318 1333 demum
339 1294 500 1344 Argentinensis.
514 1294 568 1332 Obiit
588 1295 716 1344 Argentoraci

39 1377 97 1404 anno·
109 1372 166 1416 1494.
179 1364 261 1414 Scripsit

67 1424 189 1473 itinerarium
206 1433 272 1472 Terrae
291 1433 374 1479 Sancta,
391 1433 450 1483 incip.
472 1434 492 1472 ln
509 1438 559 1471 terra
569 1434 716 1482 promissionis,

41 1514 81 1542 non
97 1503 164 1541 minus
176 1513 236 1541 suave
248 1514 308 1551 quam
321 1503 368 1541 utile
383 1503 431 1541 dum
452 1502 582 1552 personaliter
593 1504 661 1541 eadem
674 1504 716 1542 loca

41 1572 111 1612 devote
120 1572 213 1611 visitavit.
227 1573 235 1621 (
249 1570 265 1623 ).

67 1643 135 1680 Petrus
152 1642 218 1685 Faber,
232 1641 348 1687 Hollandus,
371 1642 432 1679 lector
445 1641 621 1687 Schonhoviensis‚
639 1641 717 1691 scripsit

41 1710 163 1749 ltinerarium
175 1710 291 1749 Palaestinae.
305 1710 379 1749 Claruit
388 1711 436 1750 circa
450 1712 506 1758 1480.
520 1712 551 1761 (3)

66 1781 112 1819 Non
125 1779 184 1817 debet
202 1779 325 1829 praetermitti
339 1780 438 1827 Johannes
451 1780 475 1818 de
487 1780 559 1818 Paesch
572 1779 715 1831 (Paschasius),

19 1900 20 1903 Ἴ
41 1848 111 1894 doctor
118 1849 252 1897 lovaniensis
266 1849 318 1898 prior
329 1849 468 1888 Mechlinensis
489 1860 522 1898 per
534 1849 665 1899 quadraginta
682 1861 717 1888 an-

41 1929 78 1957 nos
90 1923 109 1956 et
120 1918 212 1967 amplius,
236 1918 269 1967 qui
287 1918 360 1957 obiisse
382 1920 443 1956 fertur
463 1930 516 1956 anno
539 1922 595 1969 1538.
619 1906 716 1964 Qiamuis

41 1987 126 2037 ipsemet
136 1987 216 2026 Terram
233 1987 324 2026 Sanctam
348 1999 459 2036 numquam
472 1987 571 2027 visitasset
587 1993 655 2026 tamen
667 1988 717 2027 libro

64 2167 85 2209 (ll
96 2166 136 2199 MS.
147 2166 215 2210 Harley
225 2165 277 2206 3838,
287 2165 318 2199 sol.
328 2176 360 2210 219
370 2177 386 2199 a.
397 2166 466 2210 Bodley
476 2167 504 2209 73,
514 2166 545 2199 tol.
554 2167 595 2200 zob.
604 2166 717 2201 Bibliotheca

42 2223 121 2257 Carmel.
129 2224 152 2266 ΙΙ,
162 2234 203 2266 49²-
212 2224 240 2257 Cl.
250 2224 315 2267 Ulysse
322 2224 425 2264 Chevalier,
435 2224 492 2258 Notre
500 2225 558 2257 Dame
567 2225 672 2266 deLorette‚
681 2226 715 2259 Pa-

42 2282 72 2325 ris,
85 2282 128 2326 1906
138 2283 157 2315 P.
170 2294 199 2326 70.

62 2342 92 2385 (a)
101 2342 140 2374 llis.
152 2341 221 2385 Harley
231 2342 282 2382 3838,
292 2341 323 2375 tol.
337 2353 371 2375 azo
381 2343 398 2375 b.
410 2328 498 2376 Biblioth.
509 2342 587 2376 Carmel.
595 2343 609 2384 I,
619 2342 659 2384 848.

63 2400 92 2444 (3)
102 2399 142 2433 MS.
155 2400 224 2444 Harley
237 2400 288 2443 3838,
297 2399 328 2434 fol.
339 2401 371 2434 225
383 2411 398 2433 a.
