1631 2703
325 104 348 132 oe
360 104 423 132 nauto
671 83 719 145 223⁴

42 175 123 224 capitula
136 177 225 226 explicite
237 178 260 216 de
272 179 339 218 habitu
353 180 500 218 Carmelitarum
513 179 627 218 disserendo
642 179 712 229 repetit

43 249 62 281 et
73 246 152 295 ampliat
164 258 209 296 quae
220 248 272 297 apud
284 248 379 286 Batonem
392 249 510 298 invenerat(
525 250 539 296 ).

69 313 106 352 Sed
118 326 161 352 ecce
171 316 219 354 eirca
230 316 290 354 tinem
304 317 369 354 saeculi
381 317 450 355 decimi
461 316 523 366 quarti
536 317 554 354 in
564 318 628 354 lucem
641 317 713 365 prodiit

42 393 92 430 opus
105 385 134 421 De
147 385 273 432 peculiaribus
286 387 345 435 gestis
364 387 493 435 religiosorum
510 386 658 423 Carazeataraa
678 397 713 424 au-

42 456 94 489 ctore
103 453 191 503 Philippo
203 454 275 499 Riboti,
285 456 388 492 continens
403 455 453 492 inter
464 455 499 492 alia
511 455 629 503 opusculum
639 454 712 505 Cyrillo

41 521 156 561 attributum
169 523 202 561 ubi
214 524 315 572 sequentia
328 524 434 573 leguntur:
448 536 460 561 <r
475 523 525 561 Dum
537 524 610 561 llumar
622 534 653 561 rex
663 524 711 561 Ara·

41 589 78 628 biae
89 589 127 641 (Α.
139 591 162 629 D.
177 591 269 643 581644)
282 604 326 630 cum
343 592 418 641 ingenti
431 591 556 630 multitudine
568 591 709 630 Saracenorum

41 658 119 697 Terram
132 660 222 698 Sanctam
240 661 323 709 cepisset
337 666 356 699 et
367 661 488 698 Christianos
500 660 519 697 in
531 672 552 697 ea
567 661 661 709 degentes
673 672 710 699 suo

42 728 128 766 dominio
141 730 272 778 subjugasset,
282 729 370 768 Saraceni
384 731 466 767 moleste
476 729 563 767 ferebant
575 730 628 777 quod
639 735 711 767 nostrae

42 797 141 845 religionis
157 799 278 846 professores
290 804 343 836 veste
357 799 400 836 alba
415 798 499 846 desuper
511 798 574 835 induti
589 798 709 842 incederent,

41 876 86 902 cum
101 867 137 903 soli
155 878 222 905 eorum
236 872 318 916 satrapae
330 867 443 916 hujusmodi
455 866 524 904 coloris
540 866 607 904 habitu
625 867 709 915 desuper

41 938 148 973 uterentur.
159 936 238 984 Propter
250 936 303 984 quod
314 936 444 985 gestationem
458 935 509 984 pallii
521 936 558 973 albi
571 935 627 973 dictis
638 937 712 984 profes-

41 1003 118 1041 soribus
126 992 284 1051 'interdixeram
299 1016 334 1053 pro
346 1016 386 1053 quo
395 1005 516 1053 professores
529 1004 615 1053 praedicti
627 1005 708 1052 pallium

41 1072 138 1110 barratum
149 1078 197 1111 tunc
208 1073 327 1111 unanimiter
336 1078 486 1121 assumpserunt
494 1073 525 1123 (2)
537 1085 556 1111 1).
567 1073 620 1110 blanc
632 1078 710 1111 senten-

40 1141 88 1179 tiam
108 1142 169 1180 secuti
189 1148 235 1180 sunt
247 1142 365 1191 posteriores
377 1147 467 1180 auctores
483 1142 510 1179 uti
529 1142 581 1190 apud
603 1141 707 1186 Grossum,

41 1210 127 1260 Bradley‚
141 1210 241 1254 Bruinum,
259 1211 428 1260 Palaeonydorum,
444 1210 539 1254 Bostium,
553 1202 652 1248 auctorem
667 1207 710 1265 libri

41 1280 70 1316 De
82 1278 131 1316 Oria
142 1282 161 1316 el
173 1283 275 1329 progressa
291 1292 313 1317 ac
324 1280 412 1317 laudibus
430 1278 510 1317 Ordinis
527 1281 550 1316 de
563 1278 658 1326 Camala,
672 1279 709 1317 sub

39 1347 140 1385 Trilhemii
152 1348 233 1386 nomine
245 1348 290 1386 editi
298 1349 329 1398 (3)
348 1354 366 1386 et
384 1348 431 1386 alios
447 1349 573 1397 quamplures
593 1347 658 1386 videre
673 1354 709 1385 est.

66 1417 164 1462 Qaaeritur
183 1417 230 1465 quid
248 1418 274 1457 de
286 1418 351 1466 Cyrilli
371 1418 478 1455 assertione
493 1417 619 1455 sentiendum
632 1417 664 1454 sit.
685 1417 710 1454 Ut

40 1497 104 1522 meam
117 1491 203 1524 mentem
215 1487 298 1535 aperiam
311 1486 354 1524 dico
367 1487 440 1524 nullam
456 1485 492 1534 ipsi
504 1485 563 1524 fidem
576 1485 707 1522 adhibendam

40 1565 90 1591 esse.
103 1554 151 1592 Nam
165 1560 293 1603 praeterquam
304 1556 358 1604 quod
366 1555 382 1593 si
393 1555 417 1592 de
426 1555 497 1592 Omare
509 1559 579 1602 agatur
587 1554 669 1591 omnino
680 1554 709 1591 in-

40 1623 136 1661 credibilis
150 1623 182 1667 sit,
195 1623 252 1660 etiam
262 1624 278 1660 si
294 1635 327 1672 pro
339 1623 410 1660 Omare
426 1623 538 1661 Saladinum
554 1622 663 1660 substituas
676 1622 709 1670 qui

40 1702 91 1728 anno
102 1693 160 1739 '1187
176 1696 237 1729 totam
253 1693 292 1729 fere
309 1692 430 1729 Palaestinam
440 1702 516 1728 necnon
528 1691 617 1728 Carmelo
627 1691 710 1728 circum-

38 1760 123 1807 jacentes
137 1760 203 1805 urbes,
217 1760 331 1803 Caesaream,
344 1761 428 1809 Joppen,
446 1759 548 1803 Nazareth,
559 1759 652 1808 Caipham
668 1765 705 1797 etc.

40 1828 96 1876 cepit,
110 1834 129 1866 et
139 1829 204 1867 forsan
222 1829 258 1867 diei
271 1835 338 1878 posset
349 1840 395 1867 eum
410 1829 523 1867 Carmelitas
537 1828 563 1866 ob
582 1828 708 1865 reverentiam

39 1896 58 1934 S.
70 1897 114 1934 Eliae
129 1909 169 1935 non
181 1898 235 1936 aliter
246 1899 362 1936 molestasse
373 1910 433 1947 quam
446 1903 467 1936 ut
479 1897 527 1946 ipsis
539 1897 628 1934 habitum
641 1897 708 1950 album

39 1965 166 2011 interdixerit,
178 1966 224 2004 mihi
237 1968 293 2015 plane
304 1966 449 2016 incompertum
462 1970 492 2004 est
504 1965 606 2014 quomodo
615 1965 659 2003 talis
671 1970 710 2003 tra-

60 2142 88 2184 (1)
100 2142 172 2185 Specul.
184 2144 261 2176 Carmel.
273 2145 286 2185 l,
300 2145 330 2177 150
342 2155 381 2187 sqq.
397 2143 472 2176 1111666
486 2153 525 2186 sqq.
541 2144 595 2175 Anno
612 2141 652 2174 1361
670 2148 708 2173 erat

38 2199 88 2241 prior
98 2200 215 2234 Casselensis.

59 2257 80 2297 (1)
93 2258 166 2300 Specul.
177 2259 255 2292 Carmel.
268 2261 280 2299 l,
292 2260 319 2301 os,
328 2272 345 2292 n.
357 2261 396 2303 273.

59 2315 87 2356 (3)
105 2316 150 2348 lhid.
170 2317 203 2349 ΡΡ.
219 2318 248 2350 132
264 2321 288 2358 (n.
307 2319 352 2359 5541,
365 2319 394 2350 181
411 2320 437 2359 (11.
454 2317 500 2356 Soa),
512 2316 583 2358 aoqssin.
607 2316 654 2358 899),
672 2314 706 2355 246

39 2378 62 2415 (n.
75 2373 130 2416 1015),
140 2373 170 2416 ²34
183 2376 207 2415 (n.
218 2375 273 2419 1167),
282 2375 315 2418 298
328 2378 351 2420 [n.
362 2385 418 2418 1210).
