1631 2703
85 85 90 111 l
99 85 121 112 10
337 85 495 114 CONSTlTUTlONES

82 163 140 198 retur.
151 171 170 210 3.
180 159 227 197 ltem
237 160 341 199 statuimus
351 161 404 210 quod
413 161 479 199 nullus
488 160 545 199 vadat
552 160 576 198 ad
588 159 656 199 balnea
664 160 695 198 vel
706 162 747 197 stu-

81 228 129 277 phas
143 227 174 279 (i)
190 234 243 267 extra
259 234 379 268 conventum
396 230 434 269 sub
451 241 509 278 poena
527 230 558 268 XL
574 229 649 268 dierum
667 229 691 267 ad
706 239 748 266 car-

81 308 152 336 cerem.
169 298 200 336 Ad
213 298 282 337 balnea
296 304 361 337 autem
373 299 466 337 naturalia
479 303 572 347 poterunt
588 299 615 336 ire
632 300 699 336 iratres
713 296 750 346 qui

82 367 207 416 indigebunt,
217 367 241 405 de
250 368 325 405 licentia
335 379 417 406 suorum
430 369 560 416 superiorum.

83 466 84 469 η
109 448 128 484 4.
139 436 185 474 Item
196 437 302 475 statuimus
311 437 364 485 quod
372 436 492 486 quicumque
504 437 631 475 incarceratus
643 436 707 483 suerit,
720 436 748 472 lo-

82 516 127 542 cum
138 510 157 543 et
168 517 236 543 vocem
249 517 270 544 se
281 505 358 543 noverit
369 507 482 555 perdidisse.

110 585 128 623 5.
147 574 273 623 Qricumque
286 579 351 612 autern
368 576 496 613 incarceratus
509 574 567 613 tuerit
580 574 632 612 feriis
647 572 745 617 secundis,

83 643 158 692 quartis
169 648 189 680 et
200 643 260 681 sextis
270 643 344 692 jejunet
353 642 372 681 in
385 655 433 692 pane
444 648 463 681 et
474 655 523 692 aqua
535 643 558 681 ad
568 643 641 681 minus.

110 711 129 750 6,
142 712 161 750 Si
171 716 236 750 autem
246 723 280 761 per
289 712 381 750 malitiam
390 717 410 750 et
421 711 559 761 negligentiam
569 711 657 749 custodis
668 710 749 748 carceris

83 786 117 819 aut
125 781 204 819 alterius
213 780 276 818 fratris
287 780 357 828 aliquis
368 765 496 818 incarceratus
507 781 531 818 de
542 790 616 817 carcere
623 779 702 829 fugerit,
715 790 749 827 per

84 850 227 898 cuiuscumque
237 848 376 897 negligentiam
388 850 418 886 vel
430 848 523 886 malitiam
535 847 625 893 extiterit,
638 848 750 896 cujuscum-

83 928 122 965 que
131 916 249 955 conditionis
262 910 318 953 tuerit
330 917 359 954 vel
371 916 508 966 praesidenfiae,
518 917 612 955 volumus
624 916 677 965 quod
689 915 750 953 incar-

84 991 159 1023 ceretur
168 986 210 1022 loco
219 985 313 1034 fugientis
322 985 341 1022 in
351 986 420 1023 eodem
431 996 537 1024 mansurus
546 995 649 1034 quousque
661 976 697 1033 per
711 984 750 1032 pri-

84 1065 138 1092 orem
148 1054 259 1102 generalem
272 1054 301 1091 vel
311 1054 449 1102 provincialem
462 1053 611 1092 misericorditer
620 1053 718 1091 liberetur.
731 1052 749 1090 Si

85 1123 129 1171 quis
138 1122 254 1160 incarcerato
263 1122 330 1159 limam
342 1123 372 1159 vel
385 1122 494 1160 martellum
507 1127 541 1160 aut
550 1110 690 1171 quodcumque
698 1121 750 1159 aliud

85 1191 239 1229 instrumentum
255 1190 353 1228 tradiderit
366 1196 399 1229 aut
412 1191 461 1228 tradi
476 1190 607 1239 procuraverit
617 1191 642 1228 ad
655 1200 750 1228 carcerem

85 1259 232 1308 infringendum
245 1260 275 1297 vel
287 1259 405 1297 solvendum
417 1259 500 1306 vincula,
513 1270 593 1307 quoquo
605 1259 665 1297 modo
677 1258 751 1307 praesti-

86 1329 130 1366 terit
141 1327 234 1365 auxilium
250 1327 344 1365 evadendi
354 1328 398 1365 licet
411 1338 450 1365 non
465 1328 553 1372 evaserit,
563 1338 643 1376 poenam
657 1326 751 1376 gravioris

85 1397 147 1446 culpae
156 1395 251 1434 sustineat
260 1406 293 1444 per
301 1395 318 1433 X
327 1395 375 1434 dies.
384 1395 403 1433 Si
411 1400 476 1433 autem
485 1396 567 1434 evaserit
576 1396 646 1434 carceri
655 1395 752 1444 mancipe-

86 1470 118 1502 tur
127 1465 146 1502 in
155 1476 178 1502 eo
188 1465 230 1501 sine
239 1475 273 1512 spe
281 1464 349 1512 gratiae
360 1474 500 1513 permansurus
511 1463 606 1512 quamdiu
618 1464 649 1502 ille
658 1464 688 1502 cui
700 1464 753 1502 dedit

86 1533 179 1571 auxilium
191 1536 213 1570 ut
224 1532 314 1570 evaderet
323 1531 389 1570 debuit
401 1532 539 1581 permansisse.

113 1612 132 1650 7.
142 1600 250 1639 Statuimus
266 1600 320 1648 quod
334 1601 418 1640 assuetis
436 1600 473 1639 levi
485 1602 555 1650 culpae,
571 1600 619 1639 levis
631 1605 718 1638 mutetur
727 1600 751 1638 'in

87 1669 178 1713 mediam,
189 1673 208 1706 et
216 1669 300 1707 assuetis
308 1668 384 1714 mediae,
396 1669 459 1707 media
467 1674 554 1707 mutetur
563 1669 583 1707 in
594 1681 681 1718 gravem,
692 1673 711 1707 et
722 1680 753 1708 as-

87 1739 148 1776 suetis
159 1738 221 1786 gravi,
232 1737 297 1786 gravis
311 1743 398 1776 mutetur
409 1738 428 1775 in
440 1739 548 1786 graviorem
560 1743 578 1776 et
590 1738 618 1776 sic
630 1749 707 1787 semper
718 1750 753 1787 ag-

87 1806 212 1855 gravantibus
221 1807 287 1854 culpas
300 1816 359 1854 poena
370 1806 448 1855 gravior
459 1811 583 1856 aggravetur.

97 1970 99 1972 Ι
141 1921 203 1959 Ruan.
216 1920 278 1959 XLlV.
294 1921 322 1958 Da
334 1930 435 1959 FRATRlssth
452 1931 588 1959 naccbeunaus
599 1932 623 1959 aa
634 1932 699 1960 eonuu

387 2000 450 2028 LIBRIS.

118 2112 134 2139 1.
147 2099 255 2138 Statuimus
267 2099 320 2148 quod
329 2100 381 2148 prior
392 2100 459 2138 localis
468 2100 544 2138 obitum
564 2100 706 2149 cujuscumque
717 2102 754 2140 ira-

111 2241 132 2284 ti)
146 2239 216 2283 Stupha
230 2247 257 2272 est
271 2250 341 2272 camera
352 2235 449 2283 vraporibus
460 2240 546 2274 calefacta
555 2240 578 2273 ad
587 2242 672 2274 sudorem
684 2242 756 2284 produ*

88 2300 171 2331 cendum.
182 2298 228 2330 Cum
240 2297 342 2341 promiscue
354 2297 515 2347 frequentarentur
523 2309 561 2331 non
569 2298 644 2332 decebat
659 2299 753 2341 religiosos

88 2356 114 2390 ibi
123 2354 206 2389 inveniri.
