1631 2703
142 127 143 130 ,
195 95 244 125 nera
253 96 392 138 cannosum.
402 97 421 125 a.
431 97 450 125 o.
465 97 522 137 ¹330-
665 72 705 143 ¹⁴¹9.

33 176 115 209 ventum
128 172 157 209 rel
169 172 288 221 provinciam
301 184 336 221 pro
350 171 413 220 culpis
423 172 565 221 personalibus,
577 172 700 220 quicumque

32 252 77 279 reus
94 241 186 286 inventus
205 241 261 279 suerit
277 241 317 279 sive
332 252 426 287 accusans
438 241 479 279 sive
497 245 600 279 accusatus
612 246 701 278 teneatur

32 311 106 348 solvere
118 320 212 358 expensas
225 309 338 359 hujusmodi
350 310 446 347 adventus
458 309 572 357 superioris.

58 379 103 416 item
119 378 232 416 ordinamus
250 378 302 427 quod
315 378 331 416 si
348 377 472 427 contingeret
491 378 575 426 priorem
587 378 698 426 generalem

32 447 131 496 resignare
143 447 228 485 officium
244 432 373 497 generalatus
384 432 465 485 tacimus
484 446 549 495 ipsum
564 445 651 495 primurn
663 446 700 483 dis-

31 516 129 569 frnitorem
150 517 168 553 in
186 516 353 565 eoderncapitu10
368 516 462 564 generali.

58 585 104 622 item
114 585 228 623 ordinamus
237 570 291 634 quod
298 578 516 633 'provinciatisquittbet
525 579 606 621 reniens
615 584 639 621 ad
648 582 700 631 capi-

31 655 95 691 tulum
107 654 197 702 generale
207 659 269 702 portet
281 664 348 691 securn
361 664 465 691 numerum
474 653 564 690 omnium
578 653 659 690 fratrum
672 652 700 688 vi-

31 734 101 760 vorurn
120 723 207 761 similiter
222 709 353 765 mortuorum,
363 721 477 770 explicando
492 727 511 759 et
519 725 569 769 quot
583 721 661 759 suerunt
671 731 700 757 re-

31 791 80 841 cepti
93 791 138 829 citra
148 791 253 840 capitulum
266 792 354 840 generale
364 791 454 839 proximo
463 790 589 842 celebratum.

58 861 184 898 Decinramus
201 861 254 908 quod
274 860 345 898 taxatio
365 864 405 897 turn
423 860 446 897 de
466 859 608 897 communibus
625 858 699 897 ordinis

32 941 90 977 quam
101 929 124 966 de
136 929 225 979 Parysius
234 929 280 979 (sic)
291 933 310 966 et
321 928 411 966 vestiario
423 933 442 966 et
450 928 573 977 studentium
586 934 604 966 et
616 928 699 966 aliorum

31 996 156 1036 existentium
169 998 258 1047 Parysius
268 998 368 1035 solvantur
377 997 401 1034 de
415 997 501 1046 antiquis
513 996 588 1046 grossis
601 997 633 1045 qui
646 1007 699 1034 nunc

33 1067 97 1104 valent
106 1067 135 1104 Xii
143 1077 212 1116 parvos
224 1066 357 1105 Turonenses.

38 1173 41 1176 .
57 1136 166 1174 Sententias
175 1146 227 1174 anno
239 1123 328 1184 sequenti
340 1134 430 1185 Parysius
438 1135 489 1184 legat
497 1135 553 1172 trater
562 1134 647 1181 Joannes
659 1134 699 1172 Vo-

30 1203 123 1255 golo(1)‚
135 1204 171 1242 alio
186 1215 238 1242 anno
251 1204 342 1253 sequenti
353 1205 412 1241 frater
420 1205 505 1252 Joannes
516 1204 540 1241 de
554 1204 620 1242 Monte
631 1202 700 1252 Esqui-

30 1274 55 1311 tio
62 1271 99 1324 (2),
112 1273 136 1310 de
145 1273 187 1310 aliis
200 1273 311 1323 legentibus
322 1273 399 1311 ordinet
408 1273 460 1322 prior
472 1272 576 1322 generalis.

56 1343 103 1379 item
117 1342 231 1380 ordinamus
243 1341 295 1391 quod
311 1342 377 1380 nullus
389 1342 482 1392 magister
493 1340 577 1379 sorensis
589 1342 619 1379 vel
628 1341 698 1379 bacha-

31 1407 88 1449 larius
98 1422 133 1449 seu
141 1411 224 1449 biblicus
232 1422 265 1449 seu
275 1411 357 1449 studens
366 1411 456 1461 Parysius
466 1410 528 1463 possit
537 1409 581 1459 eligi
592 1409 611 1448 in
621 1410 699 1449 socium

52 1588 77 1630 (r)
87 1588 191 1621 Conventus
206 1587 319 1620 Coloniensis
329 1599 333 1628 ς
344 1587 368 1620 ibi
381 1587 434 1620 etium
445 1587 495 1631 prior
508 1587 541 1621 tuit
552 1588 574 1620 ab
595 1589 644 1620 anno
657 1587 696 1620 1331

31 1656 88 1689 usque
101 1646 149 1688 1334,
159 1645 270 1679 et'iteruma
283 1646 324 1687 1345
338 1656 395 1688 usque
408 1646 456 1687 1348.
473 1646 625 1678 Decimus-nonus
635 1653 660 1678 est
670 1645 698 1678 in-

31 1706 58 1737 t‘e'r
67 1704 174 1737 Carmeliras
184 1703 237 1745 [juxt-'u
249 1703 315 1737 Trissa
333 1704 495 1744 enumerationem)
509 1703 540 1747 qui
550 1704 629 1736 lauream
643 1703 699 1747 magi-

31 1762 102 1795 stralem
124 1760 197 1794 Parisiis
216 1761 301 1794 obtinuit.
319 1761 369 1795 Obiit
382 1762 454 1800 taudem
470 1761 552 1794 Coloniae
565 1761 612 1794 circa
630 1772 699 1794 annum

31 1820 73 1863 1373
85 1819 163 1862 uplenus
172 1819 314 1861 dierumsirnmo
323 1819 420 1863 decrepitae
430 1819 502 1852 aetatis»
512 1810 537 1852 a'it
546 1820 649 1853 Norbertus
660 1831 670 1852 a
680 1820 699 1853 S.

29 1877 101 1912 turi-rna
110 1877 344 1911 extucoboMitlendonclr,
353 1877 380 1910 Cf.
388 1877 435 1911 inter
444 1877 479 1910 alia
489 1877 522 1911 MS
535 1878 589 1920 1⁶i9²
603 1877 650 1911 Bibl.
666 1878 700 1910 Re·

31 1937 66 1979 gni.
83 1935 162 1968 Bruxell.
173 1934 197 1967 fo.
211 1936 248 1968 r8b.
330 1940 332 1943 ’

33 1994 35 1997 ’
53 1995 75 2034 ta]
90 1992 254 2025 atonannexxrr
262 1994 367 2036 perbullnm
381 1995 421 2027 Kal.
436 1993 480 2027 Julii
488 1995 542 2026 Anno
555 2001 619 2038 oetavo
633 1993 699 2036 ntulit

34 2052 84 2092 1334)
91 2050 200 2083 constitutus
208 2051 290 2084 Vicarius
297 2060 396 2084 conventus
402 2051 536 2091 nvintonensis
545 2051 580 2085 fuit
587 2053 609 2084 ab
619 2052 653 2084 hoc
661 2051 699 2083 offi-

33 2109 60 2142 no
72 2112 161 2142 amorosa
171 2109 270 2142 uenenum
279 2099 363 2152 unuin
374 2110 415 2142 nus
424 2109 474 2143 amn
483 2111 547 2142 annor
563 2109 639 2152 (ornan
656 2110 698 2143 1335

34 2168 61 2202 Ct'.
74 2167 141 2200 Bullar.
154 2167 237 2207 Carmll.
248 2168 268 2200 P.
282 2168 315 2209 554
326 2167 452 2211 sqq-Videtur
470 2178 569 2211 numquam
579 2168 658 2202 lauream
669 2178 699 2200 ac—

34 2223 106 2269 ‘cepisse
118 2236 159 2258 eum
173 2235 206 2257 nec
214 2226 262 2268 apud
272 2225 351 2259 Trissam
361 2236 420 2269 neque
428 2225 471 2259 alibi
481 2215 603 2259 enumeretur.
