1631 2703
82 98 123 139 186'
344 108 392 141 acra
408 108 467 142 crin.

79 185 153 223 ordinis
166 197 205 223 non
218 187 288 235 poterit
297 188 380 231 tolerari,
391 192 424 224 aut
437 198 471 236 pro
487 186 562 230 haeresi,
573 190 605 223 aut
620 196 655 234 pro
667 182 745 223 incorri-

78 255 172 302 gibilitate
184 260 217 292 aut
229 256 274 303 quia
283 256 365 294 omnino
377 256 451 294 inutilis
461 256 492 294 sit.

104 324 150 360 ltem
163 324 286 367 ordinamus,
300 325 353 372 quod
369 335 458 373 expensae
475 312 544 362 dandae
557 324 615 361 sociis
632 323 697 361 electis
709 334 743 372 pro

78 391 162 439 capitulo
182 392 274 440 generali,
294 394 345 430 bona
365 394 410 430 bora
427 398 446 430 et
466 392 584 430 sufficienter
601 393 708 438 solvantury
725 397 745 427 et
797 420 799 422 .

79 461 132 507 quod
145 461 208 508 primo
218 461 342 509 provideatur
351 462 374 498 de
386 461 421 499 illis
431 467 449 497 et
457 461 561 498 diffinitore
571 460 675 509 provinciae
684 470 743 508 quam

78 529 133 566 alicui
146 530 211 576 alteri;
225 530 282 566 etiam
293 529 308 567 si
319 540 389 567 omnes
401 530 448 567 alios
457 529 564 577 oportuerit
576 540 681 566 remanere.

105 596 127 634 Et
138 597 220 635 Robrica
232 598 303 635 XXVlll
315 599 338 635 de
350 598 417 646 sigillis
431 603 450 634 et
466 597 533 634 litterae
545 597 671 635 concessione
683 602 702 634 et
719 596 744 633 si-

79 665 180 714 gillatione
192 666 304 709 statuimus,
317 667 370 713 quod
383 665 401 702 in
415 666 468 702 ornni
481 666 542 702 littera
554 666 602 702 sacta
615 676 648 713 per
659 664 743 713 aliquem

79 740 199 772 conventum
211 734 345 782 exprimantur
357 733 436 771 nomina
453 734 533 770 fratrum
543 734 576 781 qui
592 738 743 771 consenserunt.

105 802 127 839 Et
138 802 220 840 Rubrica
230 803 310 839 XXXVII
322 802 346 838 de
358 802 488 849 proprietariis
502 801 624 845 ordinamus,
637 801 691 849 quod
708 803 745 838 na-

79 876 119 906 tres
131 865 245 918 praestantes
257 881 292 907 seu
305 875 416 907 mutuantes
424 870 583 917 quibuscumque
593 870 682 917 personis
692 874 744 907 extra
756 895 757 898 =

80 939 168 975 ordinem
179 938 291 976 constitutis
299 943 332 976 aut
341 939 378 976 sub
387 938 474 976 custodia
482 938 645 975 commendantes
651 938 702 975 bona
709 948 745 975 sua

79 1008 109 1044 vel
127 1007 201 1045 ordinis
217 1009 247 1044 vel
263 1007 285 1044 ad
301 1007 428 1044 mercandum
441 1011 474 1044 aut
489 1006 512 1044 ad
525 1007 599 1044 lucrum
619 1006 744 1044 saecularibus

79 1075 184 1118 tradentes,
199 1075 304 1124 puniantur
313 1076 362 1113 sicut
375 1075 500 1123 proprietarii.

104 1143 215 1181 EtRubrica
225 1144 279 1182 XLIV
286 1145 309 1181 de
316 1143 455 1181 decedentibus
464 1143 586 1188 ordinamus,
594 1143 648 1191 quod
658 1153 743 1180 conven-

83 1216 122 1255 tus,
136 1223 221 1259 quorum
235 1213 302 1250 tratres
315 1213 482 1250 decedentessunt
490 1211 524 1249 filit
533 1212 563 1249 vel
571 1211 603 1249 ubi
613 1212 663 1248 bona
680 1210 745 1258 acqui-

45 1267 46 1270 *
80 1279 153 1323 sierint,
162 1285 220 1327 prout
233 1280 278 1318 dicit
289 1280 404 1318 constitutio
416 1280 502 1328 antiqua,
516 1280 599 1317 habeant
611 1284 685 1328 partem
705 1283 743 1316 ter-

79 1348 126 1385 tiam
139 1349 163 1385 de
175 1348 231 1386 bonis
242 1349 327 1386 defuncti
339 1348 409 1386 fratris.
423 1349 476 1393 item,
490 1349 544 1396 quod
556 1348 606 1384 bona
618 1348 642 1384 de
654 1358 673 1384 se
683 1347 745 1384 incor-

80 1416 182 1464 ruptibilia,
196 1417 306 1466 cujusmodi
317 1422 364 1454 sunt
373 1428 417 1454 vasa
426 1422 522 1465 argentea,
533 1428 598 1460 aurea,
609 1418 667 1453 terrea
675 1421 745 1453 eicon-

79 1484 154 1529 similia,
168 1485 183 1522 si
196 1486 285 1534 legentur
296 1486 395 1531 advitam,
407 1486 471 1522 solum
484 1485 523 1522 sint
532 1486 592 1533 legata
606 1489 624 1521 et
637 1490 681 1533 post
693 1495 745 1522 mor-

78 1558 118 1590 tem
129 1553 197 1597 fratris,
209 1554 239 1591 cui
252 1554 347 1602 legantur,
358 1554 398 1590 sint
415 1559 530 1596 conventus,
545 1565 629 1601 quorum
643 1559 690 1591 sunt
701 1553 742 1590 tilii.

78 1622 129 1659 Bona
137 1633 182 1659 vero
197 1622 304 1659 immobilia
319 1628 353 1659 aut
365 1623 451 1659 redditus
463 1634 502 1659 non
517 1627 603 1670 possunt
615 1622 672 1671 legari
683 1621 745 1659 fratri·
758 1650 759 1653 η

78 1690 123 1734 bus,
131 1690 165 1727 sed
172 1690 211 1727 sint
220 1696 337 1735 conventus,
351 1691 407 1738 cujus
415 1696 462 1727 sunt
470 1691 510 1736 lilii,
521 1691 550 1727 vel
560 1691 592 1726 ubi
604 1690 742 1739 acquisierunt.

104 1758 157 1801 item,
172 1760 224 1806 quod
238 1764 315 1795 mortuo
325 1760 382 1795 fratre
392 1759 444 1807 prior
453 1770 518 1796 caram
527 1759 641 1796 custodibus
650 1764 669 1796 et
678 1770 742 1796 coram

78 1828 214 1866 executoribus
226 1827 353 1864 ordinationis
364 1827 424 1864 fratris
436 1828 529 1870 deluncti,
543 1827 559 1864 si
571 1828 663 1870 sciantur,
672 1827 745 1875 aperiat

80 1900 98 1931 et
110 1896 161 1944 legat
172 1896 235 1933 fratris
245 1896 396 1933 ordinationem.
407 1896 523 1933 Executores
540 1907 586 1933 vero
598 1907 663 1933 coram
681 1896 744 1943 priore

78 1969 97 1999 et
109 1964 224 2002 custodibus
236 1971 255 2001 et
272 1965 290 2001 in
308 1975 376 2001 eorum
389 1965 465 2001 delectu
478 1975 542 2001 coram
555 1964 632 2002 duobus
653 1964 744 2002 fratribus

79 2031 102 2067 de
112 2032 222 2071 senioribus
232 2037 341 2070 conventus
353 2032 424 2069 farciant
435 2032 564 2069 inventarium
577 2032 601 2069 de
613 2032 668 2070 bonis
681 2033 744 2070 fratris

78 2100 170 2144 defuncti,
185 2101 218 2150 qui
234 2108 347 2139 executores
363 2102 443 2139 reddant
464 2102 547 2139 totaliter
565 2101 660 2139 rationem
678 2113 743 2139 coram

78 2170 140 2216 priore
152 2175 171 2207 et
178 2175 220 2208 toto
230 2176 328 2208 conventu
339 2171 371 2208 ubi
379 2172 435 2207 frater
444 2171 500 2208 luerit
510 2171 613 2208 defunctus
623 2181 626 2217 ς
638 2171 691 2218 prior
698 2182 743 2209 vero

78 2238 155 2276 illorum
165 2240 249 2287 compita
259 2245 323 2287 portet
340 2240 364 2277 ad
375 2239 482 2288 capitulum
495 2238 618 2288 provinciale,
633 2243 654 2277 ut
665 2240 744 2287 provin-

78 2306 130 2349 cialis
145 2308 215 2356 videat,
228 2308 272 2349 etsi
284 2308 343 2357 aliqui
358 2308 454 2348 voluerint
469 2308 540 2355 videre,
557 2312 576 2346 et
595 2307 610 2345 si
630 2308 743 2360 oppositum
