1631 2703
85 165 109 212 '521
340 164 501 202 cousrnunou'es

82 249 106 286 ad
121 238 211 297 quose
192 252 285 287 nentur
294 260 334 286 non
350 248 426 287 mittere
437 247 623 295 Parisius‚omn1no
632 247 726 286 volumus
736 251 755 285 et

82 317 141 365 priori
153 317 237 367 generali
249 317 394 357 committimus
406 318 553 367 exequendum,
564 316 618 367 quod
627 321 673 356 cont
665 317 757 356 tributio

82 398 128 424 nem
140 391 226 425 taxatam
244 386 270 424 mi
272 391 323 424 tttan
334 386 418 426 Parisius
430 399 452 425 ac
463 387 479 425 si
497 387 575 436 proprie
587 387 672 424 scolares
684 386 709 424 ibi
723 387 757 424 ιιι-

82 456 150 494 berent
161 457 192 494 vel
203 441 333 504 tenerentsq.
348 456 397 494 Aliae
408 468 455 494 vero
467 455 573 505 provinciae
585 450 662 494 nullum
675 455 754 493 mittere

82 530 186 564 teneantur·
199 526 223 563 ad
240 526 356 575 praedictum
370 525 469 568 studium,
484 525 521 564 nisi
536 525 594 574 priori
613 524 726 574 provinciali
738 529 757 563 et

82 593 223 633 diffinitoribus
235 594 313 644 capituli
325 594 449 643 provincialis
462 595 492 633 vel
502 594 560 643 priori
570 594 657 644 generali
666 594 757 643 expedire

82 663 179 702 videaur
194 664 401 714 5.tlttatemstaiuirnus
418 664 483 715 quod
490 664 581 714 Magister
595 668 640 702 actu
653 663 742 713 legens
737 674 756 701 m

82 733 150 771 studio
175 733 277 772 parisiensi
302 734 425 783 praedicteo
415 734 574 772 etbachalarius
590 738 720 782 praesentatus
739 737 758 770 et

84 802 206 842 bachelarius
218 808 262 842 actu
275 804 349 853 legens,
363 815 441 841 necnon
454 808 473 840 et
485 804 553 852 legens
564 802 644 840 bibliam
656 801 676 840 in
687 802 757 840 eodem

82 877 185 909 >conventu
195 872 238 911 sine
249 873 395 911 contributione
406 872 542 910 admittantur.
553 871 572 910 6.
583 873 630 909 item
642 871 758 910 ordinamus

84 946 104 978 et
116 942 244 980 concedimus
258 942 313 990 quod
330 942 430 991 provincia
447 941 532 979 Franciae
549 942 590 979 sine
610 940 758 979 contributione

84 1022 211 1059 quacumque
226 1016 265 1049 tres
288 1012 371 1049 scolares
394 1011 478 1049 Parisius
498 1011 568 1049 habere
587 1011 656 1058 valeat,
678 1015 758 1060 propter

85 1091 137 1118 onus
149 1081 203 1129 quod
213 1081 271 1118 babet
284 1081 307 1119 de
319 1080 410 1119 iratribus
421 1080 518 1129 ponendis
530 1079 610 1125 ibidem,
622 1085 641 1118 et
652 1091 688 1129 pro
697 1080 756 1118 variis
806 1126 807 1129 Ἴ

85 1149 172 1198 negotiis
185 1155 294 1189 conventus
304 1150 390 1199 praedicti
399 1150 526 1199 exequendis.

84 1234 86 1236 ·
113 1228 132 1266 7,
141 1219 242 1257 Provincia
251 1231 298 1258 vero
305 1220 401 1258 Narbonae
409 1223 479 1268 praeter
490 1219 595 1269 magistros
607 1223 626 1257 et
637 1218 758 1257 bacbaiarios

87 1288 190 1337 praedictos
203 1300 266 1327 unum
279 1294 297 1327 st
289 1289 359 1327 ttuden
352 1294 400 1333 t,em
412 1284 513 1327 Alemzmia
521 1288 600 1327 inferior
611 1299 683 1334 unum,
696 1288 759 1338 Aqui-

85 1357 137 1396 ιιιιιι
149 1364 246 1397 unumet
255 1358 314 1397 etiam
327 1359 398 1408 Anglia
410 1358 426 1397 si
438 1358 522 1398 voluerit
537 1370 601 1397 unum
609 1358 648 1397 illic
659 1358 702 1396 sine
711 1369 759 1396 eon

86 1428 194 1465 tributione
214 1428 349 1467 destinabunt.
367 1430 386 1467 8,
403 1428 495 1467 Ceterum
512 1426 717 1476 quaelibetprovincia
734 1428 759 1466 ad

87 1498 160 1536 dictum
181 1502 302 1536 conventum
319 1497 446 1547 parisiensem
460 1498 525 1535 mittat
539 1508 573 1547 per
592 1497 776 1541 contributionem>

86 1558 186 1616 quotquot
199 1567 283 1605 voluerit
299 1568 401 1605 studentes
416 1567 457 1605 sive
475 1566 594 1605 bachelarios
609 1566 650 1605 sive
667 1567 723 1612 alios,
740 1571 760 1605 et

86 1636 198 1674 contribuat
209 1647 244 1685 pro
257 1636 345 1685 quolibet
357 1636 384 1674 sic
396 1635 458 1674 misso
469 1636 571 1674 annuatim
584 1635 644 1683 dicto,
652 1635 758 1674 conventui

84 1710 166 1744 centum
185 1705 328 1755 quinquaginta
343 1717 425 1754 grossos
439 1705 531 1755 antiquos
543 1717 594 1754 quos
606 1705 655 1743 inira
668 1717 758 1744 mensem

85 1775 117 1813 sui
131 1768 203 1813 advent
196 1780 228 1813 tus
243 1776 319 1813 solvere
332 1780 398 1813 teneat
399 1786 429 1818 ur
443 1775 477 1824 qui
490 1781 535 1824 post
549 1776 657 1814 terminum
671 1776 695 1813 ad
713 1787 759 1814 suas

87 1856 198 1894 provmcns
210 1846 290 1883 redeant
302 1857 342 1883 non
355 1845 425 1883 vocati
436 1849 480 1896 9.t
466 1845 554 1883 itemta
536 1850 631 1883 urmus
643 1845 738 1894 quod
710 1847 759 1884 ιιιιιι

87 1915 147 1952 νιιιιιι
160 1920 245 1953 convent
247 1926 271 1952 us
279 1926 314 1963 pro
324 1914 437 1953 necessariis
446 1915 533 1964 magistri
541 1919 585 1953 actu
595 1914 680 1963 redentis
686 1914 758 1953 ibidem
787 1908 790 1923 ¹

84 1996 109 2022 ac
121 1984 163 2033 ejus
176 1985 243 2022 famuli
255 1984 326 2022 dentur
335 1985 397 2022 eidem
413 1985 515 2022 annuatim
528 1984 592 2023 CCCC
603 1984 666 2033 grossi
680 1985 727 2023 boni
739 1990 759 2022 et

87 2053 170 2102 antiqui,
184 2064 269 2102 quorum
278 2053 401 2091 medietatem
411 2053 491 2102 accipiat
500 2053 525 2090 de
534 2065 569 2091 sua
582 2053 681 2103 provincia
691 2053 759 2103 primis

87 2123 166 2161 duobus
186 2122 243 2162 annis
257 2135 282 2161 ex
293 2135 334 2172 quo
349 2125 410 2161 iactus
423 2123 481 2162 fuerit
492 2123 592 2172 magister,
608 2123 681 2172 quibus
695 2125 761 2163 cathe-

87 2193 143 2230 dram
161 2192 235 2230 tenebit
247 2204 271 2230 ex
280 2193 353 2231 debito.
363 2192 473 2231 Residuum
485 2204 531 2231 vero
540 2193 564 2231 de
576 2193 674 2232 taxatione
686 2194 760 2232 ordinis

88 2263 106 2300 in
116 2262 226 2301 communi.
237 2264 259 2300 Et
271 2264 286 2301 si
299 2263 348 2301 ultra
357 2262 518 2312 praedictosduos
530 2275 594 2309 annos
606 2263 672 2312 ipsum
685 2264 757 2303 ibidem

88 2337 169 2381 propter
178 2333 297 2371 successoris
309 2333 407 2371 detectum
420 2333 484 2382 legere
494 2334 596 2382 contingat
610 2335 640 2371 vei
650 2334 716 2382 ipsum
726 2340 760 2373 aut
804 2347 807 2350 ⁴

87 2402 147 2440 alium
159 2402 179 2439 in
189 2403 226 2440 hoc
242 2414 287 2440 casu
300 2414 346 2440 suas
360 2397 465 2451 contigerit
477 2414 577 2441 resumere
590 2403 690 2448 lectiones,
707 2404 760 2453 prior

87 2472 182 2521 generalis
194 2472 218 2510 de
227 2472 369 2511 communitate
378 2472 452 2512 ordinis
461 2474 485 2511 de
491 2477 532 2511 tota
542 2484 577 2512 sua
589 2473 686 2512 taxatione
695 2473 759 2513 eidem
