1631 2703
291 168 293 171 .
305 168 308 170 ,
318 146 397 175 nuoarca
409 147 427 174 vr
438 147 440 149 ·
682 164 683 167 ,
686 143 708 186 31

64 236 84 276 9.
97 224 143 262 Item
154 221 260 261 statuimus
271 221 325 270 quod
335 222 403 260 fratres
411 232 457 259 eum
467 221 583 259 mulieribus
591 225 645 259 extra
657 227 712 270 septa

38 294 73 332 loci
86 291 176 336 locuturi,
191 290 218 329 sic
237 302 258 328 se
275 290 367 338 habeant,
389 296 411 328 ut
433 302 487 328 unus
499 291 523 328 ab
534 290 571 328 alio
583 290 680 337 videatur,
693 295 713 328 et

38 362 113 414 priores
122 365 177 399 caute
186 371 207 398 se
217 359 332 400 habeantin
341 359 474 409 assignatione
484 360 544 409 hujus
554 359 662 397 sociorum.
683 360 713 397 ln-

38 433 65 470 tra
77 434 143 485 autem
156 433 210 479 septa
219 429 256 467 loci
269 429 336 467 nullus
348 433 436 478 tempore
448 428 577 467 comestionis
597 429 627 466 vel
639 428 714 466 dormi-

37 499 97 539 tionis
117 510 163 537 cum
176 497 292 536 mulieribus
304 499 404 546 loquatur.
423 498 507 547 Excepto
525 497 579 547 quod
597 497 667 543 janitor
682 498 713 536 vel

38 569 107 607 aliusa
118 568 182 623 priore
193 567 307 617 assignatus
318 567 351 605 tali
371 568 419 605 hora
435 567 560 606 venientibus
572 567 713 621 compendiose

39 637 110 688 poterit
119 636 244 686 respondere,
258 636 296 675 sub
308 647 368 685 poena
377 636 443 686 gravis
455 637 525 686 culpae.

141 803 143 805 .
180 771 208 808 De
221 760 343 808 Donnrnoun
354 779 451 808 fananum.
464 770 527 809 Runa.
538 770 568 808 Vl.

68 914 84 941 1.
94 902 203 940 Statuimus
215 902 270 951 quod
281 904 350 941 tratres
361 903 381 940 in
393 903 460 941 tunica
472 908 491 940 et
505 898 600 952 scapulari
612 902 712 941 dormiant

39 967 164 1021 supracincti‚
177 971 217 1012 subl
227 983 286 1020 poena
298 972 364 1022 gravis
377 974 447 1022 culpae.
461 972 551 1022 Exceptis
562 972 647 1010 infirmis
663 985 714 1022 quo-

40 1053 83 1080 rum
97 1041 227 1090 relinquimus
239 1036 319 1079 arbitrio
330 1047 353 1080 ut
363 1043 464 1091 scapulare
473 1043 557 1080 induant
565 1043 597 1080 vel
606 1043 713 1091 deponant.

39 1122 58 1149 2.
71 1112 117 1148 ltem
130 1111 249 1149 mandamus
267 1111 304 1149 sub
316 1111 427 1149 obedientia
445 1112 500 1160 quod
512 1113 578 1149 nullus
591 1112 650 1162 irater
666 1113 715 1150 cele-

39 1180 82 1217 bret
91 1180 248 1230 sinescapulari‚
258 1180 296 1218 sub
306 1192 366 1229 poena
377 1181 537 1219 inobedientibus
546 1180 660 1229 infligenda.

68 1261 86 1296 3.
99 1250 146 1287 ltem
158 1254 248 1298 tempore
260 1249 386 1288 dormitionis
397 1251 466 1303 fratres
474 1250 493 1288 in
503 1250 557 1289 cellis
564 1250 606 1288 suis
613 1256 713 1297 maneant,

40 1329 76 1355 nec
87 1329 151 1367 usque
162 1319 187 1357 ad
199 1319 331 1367 pulsationem
351 1324 427 1364 exeant,
448 1331 512 1369 neque
526 1319 587 1358 verbo
606 1325 640 1357 aut
660 1322 714 1359 nullo

40 1386 76 1425 alio
89 1388 149 1426 modo
160 1388 265 1436 strepitum
278 1388 349 1427 iaciant
357 1389 411 1427 unde
420 1389 541 1427 dormientes
551 1389 629 1438 possint
638 1389 715 1438 inquie-

39 1458 82 1503 tari,
98 1460 208 1509 subpoena
222 1460 370 1510 gravisculpae.
384 1472 403 1509 4.
425 1462 444 1499 ln
465 1461 548 1510 singulis
561 1465 627 1499 autem
640 1461 714 1498 cellulis

0 1539 1 1570 ς
36 1529 153 1567 communis
170 1528 280 1568 dormitorii
298 1530 332 1568 fiat
351 1519 441 1579 apertura
456 1542 528 1580 parens
548 1530 660 1575 cancellata,
681 1541 716 1579 per

36 1597 125 1645 *quarn
120 1598 249 1648 introspicere
266 1604 360 1648 poterunt
376 1604 508 1643 transeuntes,
531 1611 567 1638 nec
585 1600 716 1638 claudatura

0 1680 1 1683 ¹
38 1669 173 1731 quocumque
187 1667 225 1706 sub
241 1679 301 1717 poena
320 1668 416 1718 gravioris
437 1670 500 1718 culpae
520 1679 554 1718 per
572 1680 635 1707 unum
653 1668 714 1708 diem

38 1747 41 1750 ·
42 1735 199 1786 sQrtcumque
216 1741 282 1776 autem
300 1729 391 1777 nudus'
384 1750 449 1788 jacere
463 1738 557 1777 inventus
571 1737 630 1776 fuerit
622 1742 716 1787 tpoenae

37 1803 136 1852 ¹gravioris
146 1807 215 1856 culpae,
229 1805 245 1845 si
254 1798 316 1851 semel
329 1807 460 1857 reprehensus
468 1807 533 1854 suerit,
547 1818 582 1857 per
591 1818 651 1845 unam
664 1807 716 1845 diem

41 1873 155 1923 subjacebit.
165 1875 184 1914 Si
196 1880 262 1915 autem
272 1882 364 1916 assuetus
376 1877 441 1925 tuerit,
454 1890 490 1927 pro
500 1877 587 1927 qualibet
595 1876 637 1916 vice
651 1888 717 1926 poenae

38 1941 126 1991 duplicet
127 1956 157 1984 ur.
174 1946 272 1985 Volumus
284 1952 318 1985 aut
319 1959 350 1984 em
363 1947 417 1996 quod
429 1947 520 1986 comedat
531 1958 603 1996 panem
613 1951 632 1984 e
644 1958 716 1995 aquam

38 2022 101 2062 'cappa
111 2019 131 2053 et
140 2015 235 2065 scapulari
245 2016 361 2065 expoliatus,
370 2021 392 2055 ut
401 2029 424 2055 eo
433 2007 487 2066 quod
494 2017 518 2055 de
525 2021 572 2055 noct
572 2028 583 2054 e
591 2006 717 2065 impudenter

40 2073 151 2131 abjecerat
146 2096 165 2123 rn
175 2096 232 2124 suam
241 2086 380 2124 contusionem
387 2098 453 2125 coram
461 2087 570 2125 omnibust
562 2091 611 2124 tunc
620 2086 716 2135 temporis

38 2157 111 2192 vcareat
96 2151 139 2193 t6
148 2154 209 2193 Sit
176 2159 209 2193 aut
210 2167 242 2193 em
249 2167 291 2194 srne
298 2157 485 2207 scapularrdormra
490 2157 540 2206 (Fol.
549 2155 584 2209 9b)
590 2168 646 2195 suam
655 2156 718 2205 poeni-

41 2214 122 2262 tentiam
132 2224 152 2263 in
162 2225 230 2264 habitu
240 2225 297 2265 faciat
306 2226 346 2276 pari
357 2226 425 2266 modo.
443 2217 445 2252 Ϊ
475 2227 477 2263 3
