1616 2703
98 101 137 143 268
363 112 511 144 sonorarrouas

97 190 121 226 de
135 189 264 234 Hildesheim,
280 190 380 237 lohannes
398 189 517 241 delssacone,
532 189 642 228 Bernardus
657 190 681 228 de
698 189 772 236 Olerio‚

94 258 194 305 lohannes
206 259 230 296 de
241 259 349 303 Homebio,
365 257 452 297 Thomas
464 258 551 309 Bradley‚
565 259 633 298 Petrus
645 259 730 309 Bruyne,
742 258 774 307 Jo-

97 328 172 366 hannes
184 329 208 366 de
217 328 301 373 Mahnis,
315 328 387 376 aliique
400 339 439 365 non
452 328 516 377 pauci.

124 397 162 435 lsta
181 397 231 436 circa
249 397 386 446 antiquitatem
407 397 485 435 solertia
503 408 561 436 causa
578 398 616 436 tuit
632 409 666 436 cur
682 402 773 437 auctores

98 466 160 505 nostri
178 468 240 505 multa
252 467 380 515 praeterierint
394 478 438 516 quae
460 467 517 505 nobis
530 467 580 506 scitu
592 467 709 517 dignissima
720 467 773 506 vide-

98 540 173 574 rentur.
183 535 260 574 Primus
270 540 337 574 tamen
347 536 380 584 qui
390 536 472 584 aliquod
481 536 590 575 scribendae
597 536 685 575 historiae
694 536 772 575 initium

97 604 143 643 iecit
155 605 191 643 suit
199 605 298 652 lohannes
314 604 380 643 Trissa
392 605 411 643 in
430 605 471 644 suis
490 605 627 654 Capitulorum
643 605 771 655 generalium,

97 674 185 712 Priorum
198 675 320 722 generalium
333 680 353 712 et
364 674 506 724 Magistrorum
518 674 656 713 Parisiensium
669 674 771 724 catalogis.

98 745 198 782 Attamem
211 744 253 793 ipse
264 743 330 782 Trissa
348 749 424 792 septem
439 743 561 793 antiquiores
572 744 648 783 Priores
660 744 772 786 Generales.

94 813 194 860 Johannes
206 824 252 851 vero
265 813 333 851 Grossi
348 818 434 862 quatuor
446 813 484 851 sub
502 813 579 852 silentio
589 813 722 863 praetermisit.
736 813 773 852 Sed

97 887 143 930 post
155 882 290 931 conscriptum
309 883 395 931 primum
408 884 520 932 catalogum
537 894 596 931 quem
610 894 669 931 supra
684 882 735 921 edidi
749 883 774 921 ad

95 951 190 998 Johannis
205 952 273 990 Grossi
291 952 382 989 notitiam
398 952 488 1000 pervenit
502 952 549 990 liber
565 951 646 1001 Philippi
664 952 730 990 Riboti
744 953 774 990 Dc

97 1020 225 1069 peculiaribus
234 1021 293 1070 gestu
304 1021 440 1070 Religiosoruru
456 1021 613 1067 Corurclitaruru,
630 1033 654 1059 ex
666 1032 706 1070 quo
719 1032 774 1059 sum-

98 1090 137 1139 psit
148 1090 198 1128 inter
208 1091 245 1128 alia
254 1102 275 1128 ea
284 1102 329 1139 quae
341 1091 360 1128 in
370 1091 420 1128 libro
429 1091 463 1140 qui
470 1091 592 1129 Viridurr'um
598 1090 710 1129 inscribitur
719 1091 743 1128 de
752 1090 772 1129 S.

98 1160 203 1198 Bettholdo
216 1164 235 1198 et
247 1160 271 1197 de
283 1160 302 1198 S.
316 1160 412 1198 Brocardo
425 1165 508 1199 enarrat.
518 1161 582 1199 Vitam
597 1171 642 1199 vero
652 1160 671 1199 S.
685 1159 751 1211 Cyrilli
763 1172 774 1197 e

98 1230 180 1279 legenda
202 1229 291 1267 breviarii
313 1227 416 1279 excerpsit,
440 1242 485 1268 cum
508 1231 581 1269 festum
601 1230 646 1268 dicti
669 1229 689 1267 S.
706 1229 773 1280 Cyrilli

98 1310 151 1337 anno
172 1310 228 1350 1399,
240 1299 252 1338 i.
267 1312 283 1338 e.
295 1304 340 1349 post
355 1299 489 1349 conscriptum
502 1299 589 1349 primum
607 1300 727 1349 catalogum,
738 1299 773 1338 sed

97 1375 142 1407 ante
152 1368 318 1418 compositionem
329 1369 426 1407 Viridarii
437 1369 550 1408 institutum
563 1369 628 1408 fuerit.

125 1439 212 1477 Tandem
219 1439 268 1477 circa
275 1450 349 1478 annum
361 1441 410 1488 1480
421 1438 570 1477 renascentibus
580 1438 649 1477 studiis
660 1443 678 1476 et
688 1438 774 1477 scientiis

99 1510 212 1557 complures
224 1512 314 1547 auctores
327 1508 434 1558 praesertim
447 1509 467 1546 in
482 1508 581 1558 provincia
592 1507 714 1546 Alemanniae
725 1507 756 1545 ini
766 1530 774 1536 -

99 1578 155 1616 rioris
165 1578 252 1616 historiae
263 1578 343 1616 Ordinis
354 1578 481 1617 enucleanda
493 1589 572 1627 operam
583 1578 685 1616 dederunt.
698 1577 774 1616 Sufficit

98 1648 209 1686 Amoldum
219 1648 315 1692 Bostium,
326 1648 442 1686 Balduinum
455 1647 561 1693 Leersium,
572 1647 674 1686 Nicolaum
686 1647 773 1685 Simonis

98 1718 254 1763 Harlemensem,
270 1718 380 1766 johannem
398 1718 562 1768 Palaeonydorum
586 1717 682 1756 laudasse.
700 1717 772 1755 Mirum

98 1791 195 1836 quantum
203 1787 333 1837 hiscriptores
343 1787 366 1825 de
378 1786 578 1836 antiquitateOrdinis
591 1786 726 1825 disseruerint.
738 1786 773 1825 At-

98 1861 165 1895 tamen
185 1857 201 1895 si
219 1857 307 1906 inquiras
324 1870 334 1895 e
350 1857 423 1905 quihus
441 1857 529 1894 fontibus
544 1856 652 1901 hauserint,
665 1856 774 1905 compellor

99 1927 161 1965 dicere
173 1938 207 1965 eos
222 1926 303 1976 perinde
321 1926 380 1965 meris
396 1914 521 1976 conjecturis
533 1925 620 1971 innixos,
631 1930 684 1975 saepe
702 1925 774 1975 saepius

98 1996 157 2035 etiam
173 2009 183 2034 e
195 1996 274 2046 proprio
290 1996 371 2045 ingenio
387 1996 485 2034 addidisse
498 2007 542 2045 quae
555 1995 592 2034 sibi
604 1995 684 2045 quidem
696 1995 737 2034 veri
749 1995 774 2034 si-

99 2066 151 2104 milia
166 2066 291 2114 videbamur,
304 2071 324 2104 at
334 2067 391 2105 certis
403 2065 537 2104 fundamentis
546 2065 775 2113 destituebanturjuvat

98 2136 129 2173 hic
140 2135 226 2174 inserere
233 2128 277 2185 quae
286 2136 365 2175 Bostius
375 2135 515 2186 Palaeonydoro
525 2134 603 2184 scripsit
611 2146 657 2172 cum
667 2133 775 2172 Fasciculus

99 2206 215 2244 tiruaresucs
233 2206 256 2243 ad
274 2206 317 2256 ejus
334 2204 424 2243 notitiam
443 2204 546 2254 pervenit:
562 2216 574 2242 <r
586 2205 605 2242 ln
618 2215 642 2241 eo
656 2204 717 2242 multa
727 2208 775 2242 sunt

100 2276 167 2314 minus
180 2275 275 2324 placentia
287 2286 290 2324 ;
305 2276 366 2314 multa
377 2274 475 2313 inseruisti
489 2286 533 2323 quae
545 2285 590 2312 meo
600 2273 675 2324 judicio
687 2285 711 2311 ex
722 2278 774 2311 certa

99 2345 181 2384 scientia
193 2345 278 2383 tuissent
292 2345 401 2383 omittenda
404 2374 444 2383 .....
455 2344 515 2382 Fratri
524 2344 602 2383 Nicolao
617 2342 704 2381 Simonis
714 2342 773 2381 nimis

100 2414 157 2453 etiam
170 2415 269 2453 adhaerere
281 2414 352 2453 videris
363 2415 396 2463 qui
409 2413 451 2452 sine
461 2414 590 2452 fundamento
600 2423 671 2451 omnes
680 2412 772 2460 antiquos
