1631 2703
105 134 135 166 2'2‘-
255 164 256 167 ,
360 132 521 169 cou'srnuuoues

104 213 237 263 procuraverit
249 213 268 252 in
279 205 518 264 praejudicium'aliorum
532 207 634 264 procurata
646 206 749 259 restituat,'
760 216 779 250 et

105 282 148 321 loco
158 287 177 321 et
189 294 236 321 voce
245 288 308 321 careat
319 295 342 322 eo
352 284 403 334 ipso,
414 289 433 323 et
442 284 496 334 prior
505 284 585 322 mittens
594 284 625 322 vel
638 282 722 321 scienter
736 293 778 332 per-

106 347 188 391 mittens
199 352 223 390 ab
234 351 300 391 officio
312 345 346 402 per
358 354 480 403 superiorem
498 357 611 403 reponatur,
624 357 644 390 et
660 363 719 402 poena
736 352 792 401 gra-⁴

105 415 166 460 viioris
175 421 239 471 culpae
248 414 341 471 puniatur
350 434 384 473 per
395 423 482 473 quinque
494 422 542 461 dies.

132 488 152 530 6,
165 492 213 529 ltem
225 486 332 531 statuimus
349 497 368 531 et
386 493 506 532 mandamus
523 492 577 541 quod
589 491 711 542 quicumque
722 491 780 529 trater

104 559 201 599 terminos
215 560 246 599 vel
261 560 369 600 terminum
381 561 461 601 alterius
476 561 539 600 fratris
559 560 648 612 ejusdem
669 563 780 599 conventus

106 634 174 668 contra
185 623 329 669 ordinationem
340 624 410 681 prioris
419 631 443 670 ad
454 631 603 681 procurandum
612 629 720 676 intraverit,
731 630 781 668 ultra

106 698 179 737 ibidem
188 704 291 749 procurata
303 704 381 739 tantum
393 700 417 739 de
430 700 489 739 rebus
500 701 639 750 personalibus
650 711 684 749 per
695 699 780 748 priorem

106 769 189 826 localem
205 774 316 809 conventus
335 770 438 809 refundere
456 771 592 820 compellatur,
611 775 631 808 et
651 769 780 808 nibilominus

107 843 166 888 poena
175 838 271 888 gravioris
282 840 345 888 culpae
357 851 392 889 per
403 840 492 890 quinque
503 840 545 878 dies
557 840 656 889 puniatur.

134 920 151 958 7.
170 909 217 947 ltem
236 908 365 958 prohibemus
384 898 422 948 sub
434 920 494 959 poena
505 909 602 960 gravioris
620 910 683 959 culpae
701 920 736 959 per
751 908 783 946 XL
800 934 802 937 .

106 977 148 1016 dies
160 978 317 1033 infligendae-ne
328 978 400 1028 aliquis
410 979 463 1028 prior
469 980 535 1017 localis
544 980 574 1016 vel
584 983 699 1028 procurator
707 978 783 1026 absque

107 1047 214 1086 inevitabili
226 1048 348 1099 necessitate,
362 1048 404 1087 sine
419 1048 495 1087 licentia
511 1032 581 1099 prioris
590 1048 686 1099 generalis
698 1048 729 1086 vel
738 1059 783 1097 pro·

108 1116 204 1161 iincialis,
218 1117 312 1156 indebitet
324 1119 390 1156 locum
400 1119 450 1157 ultra
459 1130 559 1157 summam
570 1117 657 1168 pecuniae
665 1122 751 1156 taxatam
758 1117 782 1155 ab

108 1186 191 1226 eisdem,

135 1258 154 1295 8.
167 1258 214 1295 ltem
227 1257 333 1296 statuimus
345 1258 400 1307 quod
417 1251 483 1296 nullus
501 1258 554 1307 prior
574 1257 652 1302 vendat,
666 1257 736 1295 alienet
747 1267 783 1294 seu

107 1331 219 1365 commutet
230 1338 308 1366 annuos
320 1338 392 1366 census
404 1333 437 1366 aut
446 1327 585 1377 possessiones
597 1337 734 1376 quascumque
754 1336 783 1364 or·

108 1395 148 1434 dini
157 1395 270 1445 acquisitas,
284 1396 359 1446 absque
371 1408 471 1435 consensu
488 1396 559 1447 prioris
570 1396 673 1446 generalis,
686 1397 717 1434 vel
732 1394 784 1446 capi-

106 1466 143 1504 tuli
152 1465 285 1514 provincialis,
298 1467 336 1504 sub
345 1477 404 1515 poena
419 1466 514 1516 gravioris
526 1467 588 1515 culpae
600 1477 635 1515 per
646 1466 676 1504 XL
685 1465 733 1511 dies,
753 1465 783 1503 vel

108 1532 189 1573 carceris
201 1546 237 1584 pro
247 1535 311 1573 delicti
324 1535 416 1585 qualitate
423 1540 442 1574 et
451 1536 567 1585 quantitate,
580 1540 600 1574 et
611 1535 654 1574 loco
669 1539 688 1573 et
699 1546 747 1574 voce
754 1546 784 1573 ca-

108 1609 148 1643 reat
158 1604 202 1654 ipso
214 1606 272 1643 iacto.

134 1686 153 1726 9.
172 1675 219 1712 ltem
236 1675 303 1713 nullus
323 1674 376 1724 prior
388 1686 418 1713 res
435 1674 585 1714 communitatis
598 1675 700 1720 notabiles,
724 1675 781 1713 etiam

108 1744 245 1783 consentiente
256 1749 364 1790 conventu,
376 1744 429 1783 fratri
441 1744 559 1793 cuicumque
576 1749 610 1783 aut
623 1744 710 1782 saeculari
722 1744 784 1783 distri·-

107 1813 162 1860 buat‚
176 1813 251 1863 absque
260 1813 336 1851 licentia
346 1813 416 1862 prioris
425 1813 557 1862 provincialis,
570 1814 601 1851 vel
614 1813 693 1862 capituli
706 1814 784 1863 provin-

107 1883 167 1927 cialis,
178 1883 216 1921 sub
228 1894 287 1932 poena
296 1883 427 1921 absolutionis
437 1884 461 1921 ab
468 1883 533 1921 officio
543 1888 562 1921 et
569 1883 666 1933 gravioris
678 1884 741 1932 culpae
750 1894 792 1932 per⁴

107 1951 138 1991 XL
150 1952 199 1991 dies.

138 2032 168 2060 1o.
181 2021 228 2060 ltem
246 2021 270 2059 de
290 2020 476 2070 compositionibus,
490 2009 614 2071 pactionibus
635 2020 742 2070 perpetuis,
765 2026 794 2059 etv

108 2090 270 2139 quibuscumque
280 2090 436 2141 obligationibus
451 2090 546 2140 gravibus
558 2095 577 2128 et
596 2090 712 2140 periculosis
733 2091 785 2129 ordi-

108 2171 188 2199 namus.

138 2241 168 2268 11.
184 2230 231 2268 ltem
250 2231 316 2269 omnia
329 2231 371 2268 loca
390 2234 457 2269 nostra
470 2231 552 2268 honesta
563 2231 652 2269 clausura
669 2230 785 2269 muniantur

108 2305 214 2349 antequam
223 2300 303 2349 aliquod
313 2311 364 2349 opus
377 2300 462 2338 notabile
473 2299 545 2338 ibidem
558 2300 667 2345 inchoetur,
679 2301 716 2338 sub
726 2311 785 2349 poena

108 2369 204 2420 gravioris
215 2370 278 2420 culpae
290 2380 324 2420 per
332 2369 366 2408 XX
378 2369 420 2408 dies
428 2369 608 2421 transgressoribus
619 2369 733 2420 infligenda,
747 2370 784 2409 nisi
