1631 2703
74 103 99 159 36
330 105 492 150 consinunon'es

103 206 132 243 14.
144 195 282 235 Ordinationes
292 208 325 245 per
335 196 359 235 R.
371 197 390 235 P.
404 196 520 246 Magistrum
530 195 647 247 Guydonem
660 193 744 244 priorem

73 264 176 313 quondam
194 266 306 313 generalem
318 264 338 303 in
355 269 454 304 conventu
466 265 574 315 parysiensi
586 265 646 302 factas
665 261 745 312 praecise

73 334 167 382 praedicto
176 334 283 372 conventui
291 334 391 382 parisiensi
399 345 522 372 revocamus.
537 344 566 382 15.
577 334 623 371 ltem
630 332 745 370 ordinamus

73 402 127 450 quod
137 398 255 440 revereiidus
266 408 320 451 pater
326 403 378 451 prior
389 403 486 452 generalis
494 406 593 440 crescente
603 400 679 439 caristia
691 404 746 438 nota-

72 471 106 509 bili
117 472 172 520 panis
184 477 204 509 et
215 472 254 510 vini
267 484 302 510 seu
314 472 396 510 aliorum
409 472 531 517 victualium,
546 476 673 520 augmentare
684 470 750 509 valeat-

73 541 239 579 contr·ibutionem
252 553 286 590 pro
302 541 428 579 studentibus
444 553 478 590 per
494 541 656 579 constitutionem
669 539 746 577 ordina-

73 615 121 654 tam,
140 614 199 658 prout
213 609 277 648 eidem
295 610 393 648 videbitur
412 610 509 658 expedire.
532 607 561 648 16.
578 610 625 647 item
639 608 746 647 statuimus

73 678 127 727 quod
139 690 173 728 per
184 678 302 727 magistrum
315 685 359 717 actu
369 683 470 728 regentem
483 679 503 716 in
513 678 642 717 Universitate
650 688 746 726 quacum-

74 734 116 797 que
124 748 148 786 de
159 732 240 786 consilio
251 749 354 786 bachelarii
367 735 440 786 ibidem
453 748 567 786 ordinentur
580 748 619 786 duo
631 748 699 785 fratres
713 747 746 783 bn-

74 816 150 855 chalarii
162 828 247 865 quorum
260 828 317 855 unus
330 816 476 866 philosophiam
492 818 586 855 moralem
599 818 649 865 legat
667 820 686 854 et
697 815 746 853 alius

75 887 191 924 naturalem.
211 895 244 933 17.Ἰ
254 886 273 923 ln
288 886 383 924 omnibus
401 891 466 924 autem
481 886 586 935 provinciis
598 885 632 924 ubi
650 883 747 935 generalia

75 954 139 992 studia
152 954 269 992 ordinantur
277 955 302 993 sit
312 955 400 992 studium
412 955 480 993 tamin
490 954 589 1004 theologia
601 965 660 1003 quam
669 954 689 991 in
704 952 748 1002 phi-

75 1024 170 1072 losophia.
184 1025 214 1061 18.
227 1023 274 1060 item
283 1023 389 1061 statuimus
396 1024 451 1072 quod
462 1023 556 1073 quaelibet
564 1022 663 1072 provincia
673 1021 747 1060 ordinis

74 1092 137 1141 possit
150 1092 226 1129 mittere
236 1093 286 1130 duos
296 1093 399 1130 studentes
409 1093 432 1130 ad
442 1092 544 1142 quodlibet
556 1093 644 1131 studium
657 1091 747 1142 generale

75 1167 93 1199 et
102 1161 127 1199 ad
137 1161 230 1210 Angliam
240 1162 321 1210 dempto
331 1162 397 1200 studio
410 1162 525 1212 Parysiensi.
540 1173 569 1213 19.
583 1162 605 1199 Et
617 1161 632 1199 si
645 1161 747 1210 continge-

76 1236 105 1268 ret
119 1231 175 1279 quod
187 1231 291 1269 studentes
304 1231 359 1270 missi
374 1243 414 1269 non
428 1237 494 1269 essent
505 1232 570 1269 idonei
582 1231 605 1269 ad
621 1231 709 1269 studium
723 1230 748 1267 ad

75 1311 119 1348 quae
135 1299 242 1348 specialiter
261 1305 308 1337 sunt
320 1312 354 1348 pet
367 1312 423 1338 suam
439 1300 559 1348 provinciam
572 1300 634 1345 missi,
653 1301 747 1338 volumus

76 1369 129 1417 quod
141 1367 183 1420 (Fol
198 1367 243 1420 17b)
255 1357 307 1418 pnor
316 1368 440 1417 provincialis
452 1370 503 1407 illius
515 1369 620 1418 provinciae
635 1369 699 1417 possit
713 1378 747 1405 eos

74 1438 99 1475 ad
108 1438 156 1475 alios
166 1443 276 1476 conventus
286 1438 326 1476 sive
337 1439 401 1476 studia
413 1438 534 1487 particularia
542 1449 582 1476 suae
598 1437 704 1487 provinciae
714 1437 748 1475 de·
783 1429 785 1432 ¹

75 1507 154 1545 stinare.
488 1550 489 1553 Ἴ

103 1587 135 1614 ao.
146 1577 245 1614 Volumus
254 1577 312 1613 etiam
323 1581 343 1614 et
350 1576 478 1615 concedimus
488 1576 594 1625 provinciae
604 1576 680 1625 Scotiae,
694 1577 748 1625 quod

75 1650 145 1694 praeter
156 1646 199 1683 illos
209 1646 259 1683 duos
269 1645 371 1684 studentes
380 1656 431 1694 quos
440 1646 498 1683 habet
508 1646 583 1684 mittere
592 1646 616 1683 ad
628 1646 747 1695 provinciam

75 1715 152 1763 Angliae
164 1714 215 1752 sicut
226 1720 295 1752 ceterae
314 1715 419 1763 provinciae
432 1715 513 1762 ordinisj
527 1715 590 1764 possit
601 1715 649 1753 alios
661 1716 712 1754 duos
724 1715 748 1753 ad

74 1784 156 1821 eandem
169 1784 290 1832 provinciam
309 1784 332 1821 ad
345 1784 409 1822 studia
421 1795 456 1832 pro
469 1771 584 1833 logicaiibus
596 1789 615 1822 et
627 1785 748 1824 naturalibus

75 1854 167 1902 deputata
183 1854 199 1891 si
211 1854 295 1892 voluerit
312 1854 416 1892 destinare.
436 1854 477 1892 i-loc
495 1854 546 1892 idem
560 1855 688 1893 concedimus
704 1866 749 1904 pro-

75 1923 144 1961 vinciae
155 1923 247 1970 Yberniae
257 1924 375 1961 faciendum.

102 2003 135 2030 21.
154 1992 262 2030 Statuimus
277 1993 331 2041 quod
343 1993 366 2031 de
381 1993 483 2030 communi
498 1993 572 2031 ordinis
585 1993 711 2042 provideatur
722 1994 748 2031 le-

75 2057 169 2111 gentibus
178 2062 197 2098 in
210 2066 309 2099 conventu
321 2062 417 2100 Romanae
429 2061 493 2100 Curiae
502 2062 539 2100 viz.
555 2063 656 2100 annuatim
675 2062 749 2112 magis-

74 2136 105 2169 tro
114 2130 133 2169 in
143 2131 173 2169 CL
183 2131 265 2179 grossis,
279 2132 388 2169 bachalario
398 2132 470 2180 legenti
480 2131 517 2169 sub
530 2133 607 2177 eodem,
615 2132 646 2170 vel
652 2132 719 2170 lectori
728 2132 747 2170 in

75 2201 105 2238 LX
114 2200 197 2249 grossis,
219 2200 292 2249 legenti
307 2200 453 2249 philosophiam
468 2201 488 2238 ln
506 2200 536 2238 XL
548 2201 632 2251 grossis.
651 2213 684 2240 22.
700 2202 747 2240 item

74 2269 153 2308 cuilibet
163 2269 257 2318 magistro
268 2270 287 2307 in
297 2270 396 2323 theologia
406 2270 426 2307 in
439 2270 537 2318 praedictis
551 2271 593 2309 aliis
603 2270 674 2309 studiis
689 2283 749 2321 gene-

75 2338 147 2377 ralibus
156 2338 277 2387 theologiam
290 2339 370 2388 legenti,
385 2338 510 2387 provideatur
522 2340 623 2378 annuatim
632 2340 656 2377 de
669 2340 749 2389 provin-

75 2408 104 2446 cia
115 2408 135 2446 in
147 2420 186 2457 qua
195 2407 241 2457 legit
250 2408 268 2446 in
284 2408 298 2446 C
310 2408 386 2458 grossis
398 2408 540 2455 turonensibus
557 2408 644 2458 antiquis
659 2421 694 2459 pro
707 2409 748 2448 suis
