1631 2703
97 121 120 165 '24
262 122 263 125 ’
352 124 512 155 constitutiones

97 200 213 240 de‘assen'su
225 202 336 240 'conventus
347 210 403 250 agere
412 200 476 250 possit
491 211 536 250 quae
547 199 624 250 agenda
637 199 728 248 suntsita
743 201 774 238 ra

96 282 141 309 men
150 271 205 320 quod
216 270 281 309 statim
294 270 353 319 priori
365 269 478 319 provinciali
493 270 542 308 iacta
555 269 664 308 denuntiet.
677 270 704 308 De
719 271 773 307 manss

95 339 215 389 datoips'ius
226 340 246 377 in
256 339 424 388 consequentibns
434 349 571 388 processurus,
584 339 621 376 sub
631 350 691 388 poena
697 339 773 386 gravio-

97 408 125 447 ri's'
135 409 200 458 culpae
212 408 323 446 secundum
338 408 452 457 qualitatem
465 412 484 446 et
496 407 626 456 quantitatem
639 407 702 445 delicti
711 410 773 446 transss

95 477 222 581 gresso'ribus
234 477 348 564 infligenda

99 628 113 650 -.·
163 594 231 633 Ruon
245 604 276 632 in.-
285 593 313 632 Da·
327 604 391 632 orvrno
411 603 482 633 orricio
496 603 589 631 arnono
604 603 700 631 eutsauor.

126 710 197 769 nStat
189 696 265 770 tuimus
275 710 332 762 quod
344 710 414 765 aequali
432 709 543 759 pulsatione
555 710 586 748 bis
598 710 663 759 pulset
664 720 687 748 ur
656 710 721 748 tad
730 721 773 748 ves-

97 755 184 844 peraset
164 779 219 817 ad
232 791 264 817 ma
265 779 360 824 utinum
374 790 411 818 nrsr
423 790 444 817 rn
460 784 489 817 to
491 790 507 817 rs
524 770 643 827 duplicibus,
662 778 682 816 in
700 778 773 828 quibus

96 849 149 887 trina
152 847 248 909 pulsatio
260 849 319 899 longa
334 850 375 888 frat
383 848 414 887 Ad
426 854 507 887 caeteras
519 853 584 887 autem
595 849 653 886 horas
662 848 753 897 primor
741 848 753 886 f
755 852 774 885 et

97 903 182 977 pulsatio
202 905 304 979 5uel6
299 917 371 956 retibus
394 922 414 956 et
436 922 482 966 post
504 922 628 966 oportunum
649 917 774 955 intervallum

97 978 183 1034 pulsatio
195 990 225 1023 to
226 998 243 1024 a
217 976 325 1024 ttlem'
321 997 340 1024 m
352 977 423 1024 diebus
435 997 447 1037 9
459 985 597 1024 lectionumt
578 990 597 1023 et
604 997 671 1037 supra,
684 986 749 1035 pulset
751 996 775 1023 ur

98 1056 123 1093 ad
133 1054 161 1107 Te
173 1055 243 1100 Deum,
255 1055 293 1093 nisi
305 1066 363 1094 causa
373 1059 401 1093 rat
393 1055 482 1093 tionabili
492 1055 577 1105 dimittat
550 1059 608 1094 tt.ur

125 1136 145 1163 2.
156 1125 194 1170 Qn
204 1115 284 1173 compet
286 1136 310 1162 en
312 1124 326 1162 ti
312 1125 423 1163 tfestinat
409 1129 463 1162 trone
473 1136 513 1163 non
522 1124 597 1163 venerit
589 1106 633 1162 tad
640 1124 706 1168 horas,
716 1124 776 1162 adre-

98 1184 210 1238 tectorium,
226 1193 250 1231 ad
267 1204 387 1238 sermonem,
401 1194 426 1231 ad
441 1194 578 1232 scholasticam
594 1193 727 1241 collationem,
744 1194 774 1231 vel

98 1262 210 1310 lectionem,
224 1267 243 1300 et
252 1263 277 1300 ad
285 1262 394 1315 capitulum
412 1263 441 1300 vel
458 1263 494 1300 alia
508 1263 572 1311 aliqua
594 1262 705 1312 pulsatione
718 1274 776 1300 voca-

100 1329 139 1374 tus,
153 1342 212 1381 poena
224 1332 294 1369 mediae
304 1333 381 1385 lculpaew
400 1332 456 1370 illum
473 1332 588 1370 censuimus
600 1332 732 1384 puniendum.
751 1331 775 1384 *Si

99 1401 165 1439 'autem
185 1401 205 1438 in
226 1388 391 1439 consuetudinem
403 1402 481 1451 duxerit
498 1401 580 1452 unadie
598 1413 658 1451 poena
680 1401 776 1451 gravioris

99 1472 162 1520 culpae
171 1470 264 1519 puniatur
284 1475 303 1508 et
316 1482 374 1508 unam
388 1482 407 1508 m
418 1471 502 1519 capitulo
520 1471 601 1520 accipiat
611 1471 743 1519 discipinam
757 1471 776 1521 Si

100 1536 146 1577 vero
157 1540 177 1576 in
186 1544 323 1589 contemptum
333 1540 385 1584 tecit,
399 1551 458 1588 poena
470 1540 602 1592 inobedientis
612 1540 712 1589 puniatur

125 1621 146 1660 5.
156 1611 202 1648 Post
194 1606 305 1658 tCotmple
306 1609 371 1648 orium
381 1609 445 1647 facto
441 1615 470 1647 rnt
463 1610 544 1648 tervallo
552 1610 612 1660 unius
624 1610 724 1654 nocturni,
733 1610 776 1658 pul-

100 1678 150 1715 satio
161 1678 249 1716 facum
266 1678 408 1727 campanella6
423 1680 478 1726 vel7
495 1679 573 1722 ictibus,
586 1680 610 1717 ad
628 1691 688 1729 quam
704 1690 775 1717 omnes

100 1748 169 1786 fratres
181 1748 215 1797 qui
224 1748 358 1797 Completorio
365 1748 491 1795 conventuali
498 1759 538 1786 non
545 1748 676 1801 interfuerint,
684 1748 776 1786 ubicum-

99 1808 140 1864 nue
152 1817 225 1854 fuerint
235 1817 286 1854 inira
295 1822 351 1865 septa
360 1816 404 1864 loci,
416 1817 482 1855 statim
491 1808 727 1865 dicant'Completorium
737 1817 774 1854 sub

101 1896 161 1933 poena
171 1885 237 1934 gravis
248 1886 317 1934 culpae,
331 1885 416 1935 exceptis
428 1885 465 1924 illis
478 1898 529 1935 quos
541 1886 566 1924 ita
575 1886 629 1923 tarde
636 1886 715 1924 venisse
729 1897 776 1924 con-

100 1953 172 2004 tigerit,
180 1955 235 2004 quod
246 1955 289 1993 haec
299 1954 348 1993 circa
353 1967 387 1994 eos
394 1967 435 1994 non
447 1955 511 2005 possit
522 1959 657 2007 competenter
668 1955 773 2001 observari,

100 2020 121 2062 et
131 2036 155 2062 ex
165 2028 215 2062 tunc
223 2024 261 2063 sub
270 2025 338 2062 eadem
351 2036 408 2073 poena
426 2024 506 2063 silenter
517 2025 567 2063 fiant
588 2024 687 2064 universa.
698 2035 717 2072 4.
728 2025 774 2063 ltem

101 2093 254 2133 inaestaeante
234 2093 412 2132 dtormitionem
430 2098 476 2143 post
487 2092 638 2143 prandiumet
618 2093 718 2133 eetiam
730 2099 776 2144 post

101 2163 241 2202 dormitionem
253 2164 395 2213 temporibus'
388 2163 465 2213 jejunii,
475 2163 510 2202 fiat
516 2163 601 2212 pulsano
613 2165 776 2247 cumcampanel

102 2234 119 2272 la
131 2232 224 2282 praedicto
203 2233 305 2273 t.nrodo

101 2308 103 2310 '
131 2315 148 2353 5.
160 2303 360 2358 Audroprrmo
317 2315 374 2353 storo
387 2308 457 2352 parent
467 2314 489 2341 so
501 2304 536 2341 fra
529 2308 576 2352 res,
587 2311 606 2342 et
617 2303 732 2342 secundo
717 2316 775 2353 signo

102 2372 239 2412 'adecclesiam
261 2373 386 2419 conveniant,
405 2373 429 2412 ad
452 2384 522 2412 omnes
539 2374 657 2423 horasffol.
671 2371 713 2424 7b)
734 2378 774 2412 tam
