1631 2703
91 145 771 245 'nunouunuuaraarounanouod

259 374 289 412 DE
302 372 428 413 PRlORlBUS
439 372 606 412 GENERAUBUS

113 568 161 608 Tres
168 573 214 608 sunt
221 581 273 619 quos
282 570 301 608 in
310 570 347 607 hoc
354 568 629 618 opereevulgandoscenseo,
638 569 726 608 Priorum
734 570 772 609 Ge-

97 639 193 678 neralium
203 640 287 689 catalogi
298 650 302 687 3
314 650 399 688 quorum
413 639 507 687 primum,
517 639 622 686 aJohanne
636 639 701 678 Trissa
722 639 771 677 circa

96 719 170 746 annum
184 707 232 759 1362
241 708 382 757 conscriptum,
390 720 400 745 e
407 708 473 746 codice
481 707 589 746 Sorbonico
596 708 694 758 aliquibus
700 708 772 746 abhinc

96 778 154 816 annis
164 778 224 816 edidit
230 779 253 817 cl.
263 778 359 817 llenricus
374 778 449 816 Deniile
458 778 488 826 (1)
500 778 560 816 simul
577 790 622 816 curn
645 776 709 816 indice
721 778 772 828 capi-

96 847 184 885 tulorum
196 848 325 896 generalium.
337 847 378 895 Ego
391 858 437 884 vero
449 846 508 884 etiam
523 847 554 884 hic
571 848 709 896 apographum
725 849 773 885 alte-

97 917 137 954 rius
147 916 227 962 codicis,
239 916 325 954 melioris
345 927 392 954 sane
404 921 456 954 notae
469 928 503 964 per
528 917 606 954 Baleum
620 921 728 962 exaratum,
742 928 772 956 se-

97 986 201 1034 quendum
213 986 272 1027 duco.
283 985 394 1034 inspicienti
407 991 460 1034 patet
469 986 556 1024 Trissam
567 997 607 1023 non
628 986 652 1024 ab
667 986 709 1035 ipsa
721 986 776 1024 ordi-

97 1055 127 1092 nis
140 1054 215 1103 origine
227 1055 332 1104 primoque
345 1055 409 1103 priore
419 1055 438 1093 S.
452 1055 556 1093 Bertholdo
569 1055 646 1093 initium
662 1056 773 1104 sumpsisse

98 1124 152 1162 seda
164 1125 267 1174 Radurpuo
277 1125 390 1162 Alemanno
403 1124 437 1173 qui
449 1129 541 1163 octavum
555 1125 573 1162 irr
584 1125 633 1162 serie
647 1125 771 1164 Generalium

97 1199 152 1232 tenet
161 1195 236 1232 locum.
245 1194 317 1232 Nullus
327 1194 376 1231 alius
389 1205 478 1242 unquam
489 1206 499 1231 e
518 1194 647 1243 scriptoribus
661 1196 690 1232 vel
711 1195 772 1233 histo-

99 1263 209 1312 riographis
218 1263 293 1302 ordinis
307 1263 372 1315 nostri
382 1263 530 1311 decimoquinto
547 1264 620 1302 saeculo
636 1264 735 1313 antiquior
745 1265 771 1302 lo-

98 1333 227 1381 cupletiorem
237 1332 315 1370 tradidit
327 1334 448 1383 catalogum.
467 1334 539 1380 Qrare,
561 1344 606 1371 cum
627 1332 676 1371 circa
696 1345 772 1373 annum

100 1413 150 1452 1530
162 1403 181 1440 in
194 1414 216 1440 eo
229 1407 281 1440 esset
289 1402 390 1448 lohannes
401 1402 503 1454 Barret(2)
514 1407 537 1440 ut
548 1402 620 1441 Trissae
643 1403 773 1441 elucubratio-

98 1484 143 1510 nem
156 1472 241 1522 politiori
265 1472 354 1510 redderet
375 1484 474 1516 sermone,
500 1484 524 1510 ne
544 1477 613 1510 trunca
632 1478 719 1511 maneret
739 1474 773 1511 Ba-

98 1543 151 1579 leunr
172 1541 231 1580 adivit
247 1542 279 1590 qui
297 1554 306 1578 e
322 1541 452 1590 scriptoribus
469 1542 533 1581 securi
551 1547 598 1580 tunc
608 1543 698 1591 proxime
712 1543 772 1592 elapsi

98 1610 143 1662 (ige.
157 1612 196 1660 xvi)
205 1611 273 1649 fusiori
283 1612 358 1649 calamo
369 1611 448 1650 notitias
460 1623 520 1660 super
530 1617 605 1661 septem
619 1611 695 1661 primos
709 1612 773 1650 Gene-

100 1681 149 1718 rales
161 1680 242 1718 addidit.
256 1681 316 1730 Cujus
338 1682 428 1729 opusculi
446 1682 515 1719 titulus
532 1687 574 1719 est:
587 1681 703 1731 Callnlogus
722 1682 773 1729 prio-

98 1761 141 1788 rum
151 1750 269 1800 generalium
280 1751 353 1789 ordinis
364 1751 513 1789 Carrrreliiornnr
524 1753 612 1789 collectus
620 1756 655 1800 per
669 1751 772 1800 johannem

120 1899 142 1941 (r)
152 1899 224 1942 Archiv,
237 1899 248 1931 l.
257 1910 273 1933 c.
288 1900 308 1932 Ρ.
320 1899 359 1942 378.

120 1960 142 2001 (2)
155 1959 170 1991 E
180 1958 279 2002 Lynneain
286 1959 373 1991 comitatu
383 1958 501 2002 Nordvolgiae
508 1957 596 1991 oriundus
606 1957 727 2001 Cantabrigiae
734 1959 772 1991 lau-

98 2028 146 2050 ream
157 2017 268 2050 doctoralem
279 2019 300 2050 Α.
314 2018 335 2050 D.
350 2017 392 2050 1533
403 2017 489 2050 obtinuit.
500 2018 543 2050 Post
552 2016 693 2050 dissolutionem
708 2028 772 2050 monu-

91 2076 193 2121 sreriorum
203 2076 304 2119 parochum
315 2077 363 2120 apud
373 2076 471 2109 Herherset
479 2077 541 2119 (1541),
552 2076 617 2109 deinde
626 2077 712 2109 lectorem
722 2076 772 2110 theo·

98 2135 150 2178 logiae
157 2136 176 2168 in
184 2135 264 2178 capitulo
274 2135 381 2169 Norvicensi
392 2137 448 2178 [1542l
459 2144 476 2168 et
483 2136 549 2169 iterum
556 2136 656 2179 parochum
664 2136 711 2179 apud
718 2136 772 2169 Cant-

97 2195 195 2237 ley(155ol
203 2195 273 2237 etapud
281 2196 299 2228 S-
314 2194 422 2228 llichaelem
441 2195 516 2228 Norvici
530 2195 574 2238 egit.
593 2196 656 2228 Postea
672 2196 770 2228 canonicus

99 2253 216 2287 Norvicensis
230 2262 301 2287 creatus
313 2253 383 2287 obiitin
391 2254 434 2287 Julii
444 2254 493 2288 1563.
504 2253 551 2287 Satis
563 2254 639 2287 firmirer
649 2254 702 2287 fidem
712 2265 771 2287 serva·
799 2264 801 2267 ·

98 2312 129 2344 vit.
140 2312 166 2345 Cf.
176 2312 246 2353 Gillow,
254 2312 529 2359 BibliogrnphicalDictiorrary
543 2314 565 2358 os
577 2313 657 2359 English
672 2313 770 2354 Curiones,

98 2372 200 2413 t.l,l³.142.
212 2371 289 2406 Athenae
300 2372 404 2416 Cantabrig.
418 2371 497 2413 Villiers,
510 2371 594 2414 Bibliotli.
608 2372 689 2406 Carmel.
700 2372 714 2406 Ι,
729 2382 768 2417 790.
