1631 2703
281 139 361 166 liUlllllCA
376 138 437 166 xxxvl]
661 138 696 177 105

29 223 88 261 poena
103 212 275 262 proprietariorum
288 213 400 262 infligenda.
414 224 433 251 2.
443 212 462 251 Si
480 212 525 262 quis
536 216 601 251 autern
615 213 698 262 proprie·

28 281 88 320 tarius
97 281 190 329 inventus
209 282 265 321 luerit
274 288 293 320 et
307 282 426 321 sufficienter
442 282 543 320 convictus
553 283 582 320 vel
594 283 698 320 consessus

29 363 39 388 a
51 350 114 400 priore
122 351 206 400 generali
219 352 247 389 vel
260 351 373 400 provinciali
385 356 418 389 aut
429 362 497 389 eorum
507 350 581 389 vicariis
594 352 623 388 vel
633 351 698 389 visita-

29 420 105 459 toribus
116 432 151 459 seu
163 421 220 459 etlam
233 420 296 469 priore
307 421 362 459 locali
374 421 404 458 vel
416 420 459 469 eJus
470 420 548 465 vicario,
562 420 633 458 carceri
643 432 698 458 man-

29 489 110 539 cipetur,
129 501 233 538 quousque
247 500 280 539 per
298 490 382 538 priorem
402 490 513 538 generalem
532 490 562 526 vel
580 489 698 538 provinciale

27 558 134 608 capitulum
144 558 292 597 misericorditer
301 558 399 596 liberetur.
412 569 432 608 3.
445 558 464 595 Si
476 558 520 606 quis
530 562 595 596 aulem
605 558 698 596 inventus

29 627 87 666 luerit
99 627 236 677 proprietarius
253 633 272 665 et
289 628 363 676 absque
379 627 536 665 manilestatione
551 627 627 672 obierit,
645 633 698 665 extra

30 696 146 735 cimiterium
154 698 235 735 fratrum
245 697 320 745 absque
329 697 369 734 ullo
378 696 443 734 officio
456 696 566 745 sepeliatur,
580 696 617 735 nisi
629 708 653 734 ex
663 697 699 734 hu-

28 765 116 814 jusmodi
124 766 224 814 sepultura
231 765 343 804 scandalum
353 764 479 803 saecularibus
489 765 579 803 oriretur.
590 775 609 812 4.
619 764 656 803 Ubi
665 777 700 803 au-

29 834 149 882 temaliquid
161 834 290 873 commissum
301 835 359 873 luerit
370 834 428 882 priori
444 839 463 871 et
474 834 590 872 custodibus
600 834 700 872 reservan-

30 903 123 952 dum,per
131 914 268 951 quoscumque
276 905 343 941 tratres
350 903 436 941 autallos
443 902 546 952 religiosos
552 904 583 940 vel
590 903 699 946 saeculares,

31 982 71 1009 non
84 971 185 1020 recipiatur
200 983 236 1015 nec
246 977 342 1018 teneatur,
358 971 394 1009 nisi
405 984 415 1008 a
428 971 491 1020 priore
506 977 525 1008 et
535 972 598 1009 tribus
609 972 701 1010 fratribus

29 1040 54 1077 ad
66 1041 103 1078 boc
111 1040 177 1078 electis
186 1040 205 1077 in
215 1041 316 1078 communi
325 1040 414 1078 custodia
423 1045 535 1089 reponatur,
546 1045 565 1078 et
573 1047 621 1079 tunc
631 1052 701 1090 nume-

30 1109 89 1146 rabile
96 1114 216 1152 numeretur,
230 1113 249 1147 et
258 1109 390 1147 mensurabile
401 1113 532 1153 mensuretur,
548 1114 567 1147 et
576 1109 701 1158 ponderabile

30 1177 156 1226 ponderetur,
170 1188 205 1215 nec
216 1177 289 1226 aliquid
298 1177 323 1215 de
334 1177 371 1215 sibi
380 1178 493 1215 commissis
504 1182 608 1216 amoveant
617 1179 648 1215 vel
657 1189 702 1216 mu-

31 1251 66 1284 tuo
78 1244 176 1295 recipiant,
189 1245 225 1284 nisi
238 1246 261 1284 de
273 1245 407 1284 benevolentia
418 1244 467 1296 (liol¹
475 1246 524 1297 jab)
536 1246 655 1295 reponentis,
664 1247 701 1285 sub

31 1325 88 1364 poena
98 1315 180 1352 carceris
191 1315 371 1363 transgressoribus
380 1314 493 1364 infligenda.
508 1326 525 1364 5.
537 1315 623 1353 Caveant
635 1320 701 1353 autem

30 1385 106 1428 tratres,
126 1395 150 1421 ne
160 1383 233 1432 aliquid
242 1384 319 1422 tradant
328 1383 346 1421 in
359 1381 447 1422 custodia
459 1374 634 1433 quorumcumque
648 1389 702 1422 extra

30 1456 158 1497 conventum,
173 1452 209 1490 nisi
221 1452 245 1489 de
254 1451 304 1490 scitu
315 1457 334 1490 et
342 1463 424 1490 assensu
437 1452 513 1501 prioris,
527 1451 552 1490 ita
561 1453 614 1501 quod
627 1446 646 1490 in
659 1452 703 1501 qui·

31 1520 238 1568 bustumquecasibus
245 1521 392 1569 emergentibus
400 1520 457 1569 priori
467 1526 486 1558 et
498 1520 589 1558 tratribus
596 1520 624 1558 sic
634 1521 701 1559 tradita

31 1588 163 1631 restituantur,
185 1599 230 1626 cum
249 1588 380 1626 custodientes
392 1588 416 1626 ab
427 1589 455 1626 eis
467 1588 539 1626 tuerint
548 1588 643 1637 requisiti,
663 1589 701 1627 sub

32 1668 91 1706 poena
98 1656 389 1705 proprietarioruminfligenda.
401 1656 419 1694 6.
434 1654 544 1701 Quautem
558 1668 588 1695 res
603 1656 701 1705 religionis

32 1725 103 1764 furtive
109 1725 260 1770 alienaverit,vel
268 1725 377 1763 oblationes
386 1725 552 1763 auteleemosinas
559 1726 589 1763 vel
596 1726 658 1774 legata
665 1727 702 1763 lur-

33 1794 73 1831 tive
82 1792 186 1831 retinuisse
193 1794 296 1832 convictus
302 1795 358 1832 luerit
366 1795 396 1831 vel
405 1795 515 1838 confessus,
522 1799 596 1832 retenta
604 1794 699 1838 restituat,

34 1866 52 1899 et
64 1873 123 1911 poena
135 1862 307 1910 proprietariorum
323 1863 420 1912 puniatur.
437 1873 455 1911 7.
469 1862 516 1900 ltem
527 1863 632 1901 statuimus
647 1858 701 1911 quod

33 1932 101 1969 tratres
112 1936 216 1969 teneantur
226 1932 311 1969 revelare
320 1928 394 1980 integre
405 1931 502 1980 prioribus
511 1935 530 1969 et
541 1931 603 1970 tribus
615 1932 703 1970 custodi·

33 2000 72 2038 bus
84 1985 193 2038 conventus
209 2012 238 2047 ea,
251 2011 296 2048 quae
307 2001 331 2038 de
343 2000 423 2049 quaestis
435 2011 469 2037 seu
482 2000 650 2049 procurationibus
660 1999 704 2037 reti-

34 2068 114 2105 nuerint
124 2073 143 2105 et
153 2067 225 2116 judicio
235 2068 304 2116 prioris
316 2073 334 2106 et
345 2068 405 2106 trium
415 2068 521 2106 custodum
531 2068 610 2106 reddere
619 2069 649 2106 vel
660 2068 704 2105 reti-

35 2146 80 2173 nere
90 2136 180 2174 habeant.
193 2135 212 2173 Si
230 2136 275 2183 quis
283 2141 349 2174 autem
361 2136 415 2174 aliter
426 2136 499 2185 aliquid
509 2137 591 2174 retinere
600 2141 703 2184 attempta-

35 2204 91 2248 verit,
102 2215 160 2252 poena
171 2204 342 2252 proprietariorum
353 2204 451 2253 puniatur.
462 2206 481 2242 8.
491 2205 537 2242 ltem
547 2206 640 2242 volumus
649 2205 703 2253 quod
737 2201 739 2204 ’

37 2270 89 2310 borra
104 2260 212 2320 personalia
224 2273 363 2321 appellantium
373 2285 383 2310 a
395 2272 616 2321 correctione-regulari,
625 2279 704 2321 aposta-

35 2341 107 2384 tarum,
120 2340 291 2389 proprietariorum
303 2347 322 2378 et
332 2342 398 2379 lurum
411 2353 444 2390 per
456 2341 529 2389 priores
540 2341 667 2390 provinciales
681 2342 702 2379 in

35 2419 84 2447 usus
100 2419 217 2447 communes
234 2409 377 2458 provinciarum
397 2413 541 2467 convertantur.
