1631 2703
105 101 116 141 6
383 112 506 149 oucsrrours

107 187 156 236 lilV,
170 188 217 227 alias
228 199 280 227 anno
292 192 391 227 transacto
403 188 489 237 profiteri
500 198 540 226 non
552 191 626 237 posset.
640 187 718 233 Qrarto‘
727 185 778 224 deci-

107 270 140 296 mo
152 257 228 310 (utrum
239 271 259 298 se
271 258 304 311 de)
322 259 489 308 implicationibus
503 257 568 296 saeculi
577 257 690 306 expedierit.
703 256 778 301 Quinto

106 328 183 366 decimo
206 333 306 367 utrum...
324 333 343 367 et
365 332 499 378 paupertatem
517 327 592 365 ordinis
615 325 777 364 velitsustinerc.

107 397 166 435 Sexto
179 398 256 436 decimo
263 402 330 436 utrum
340 401 437 446 proponat
446 395 483 434 sibi
492 396 527 434 tria
538 395 648 445 principalia
660 395 734 433 ordinis
737 424 777 433 .....

107 472 206 516 proponat
217 467 281 505 vivere
291 467 310 505 in
321 466 437 510 obedientia,
448 466 467 503 in
480 465 566 503 castitate
578 470 597 502 et
609 464 651 503 sine
664 464 777 513 proprio...

134 536 275 585 Respondeant
290 538 374 574 fratres:
397 536 468 573 Amen.
487 535 543 573 Tunc
562 534 779 583 recipiendusextracto

107 605 188 643 camisio
192 635 250 644 .......
261 605 416 655 rnanusjungat.

111 704 248 714 ........
259 674 389 726 (Vir-lginem
406 675 486 712 Mariam
498 678 542 722 peto
554 673 612 722 recipi
623 674 660 711 ad.
674 703 677 711 .
691 703 694 710 .
706 703 710 710 .
723 703 727 711 .
741 703 745 710 .
758 701 778 710 ..

109 744 196 782 etvitam
207 756 270 782 meam
281 744 300 781 in
319 744 389 782 melius
401 744 505 781 emendare
513 744 595 781 valeam.
610 743 653 788 Quo
669 744 719 780 facto
732 741 780 779 reci-

109 813 173 862 piens.
223 843 226 851 .
242 842 246 851 .
262 844 265 852 .
279 842 299 851 ..
319 814 342 850 ad
354 824 400 851 suas
413 812 479 861 recipit
488 823 566 850 manus.
582 812 648 849 Dicat:
662 812 702 859 Ego
714 818 781 849 aucto-

109 882 164 919 ritate
181 881 229 918 milri
241 881 347 919 commissa
368 881 438 929 recipio
455 882 509 918 read
522 881 700 918 confraternitatem
719 879 781 917 nostri

109 951 190 989 ordinis.
212 952 231 988 ln
250 951 330 988 nomine
339 951 399 989 Patris
412 955 431 988 et
444 950 484 988 Filii
494 955 513 987 et
524 949 608 998 Spiritus
620 949 693 987 Sancti,
706 950 728 987 Et
741 961 781 988 res-

109 1020 209 1069 pondeant
217 1019 366 1057 circumstantes
375 1031 379 1057 ε
388 1020 460 1057 Arnen.
471 1020 508 1057 Isto
515 1019 606 1067 expedito
619 1019 685 1056 statim
692 1020 782 1068 assigne-

108 1094 141 1126 tur
152 1088 189 1126 sibi
201 1089 242 1126 dies
252 1088 362 1126 indutionis
379 1093 398 1126 et
412 1089 516 1136 deputetur
534 1087 570 1125 sibi
583 1088 653 1135 aliquis
666 1089 723 1125 frater
743 1088 781 1126 dis-

109 1162 174 1196 cretus
186 1162 204 1195 et
216 1158 313 1196 honestus
326 1158 359 1206 qui
373 1162 472 1206 receptum
485 1158 577 1195 informet
589 1157 628 1194 de.
644 1186 648 1194 .
664 1187 700 1195 ...
714 1187 718 1194 .
733 1187 737 1194 .
754 1186 759 1200 ‚
776 1186 779 1194 .

110 1231 129 1265 et
140 1226 317 1265 constitutionibus
329 1227 410 1265 ordinis.

215 1342 245 1375 De
254 1342 365 1375 indutione
376 1342 511 1375 novitiorum.
524 1340 574 1392 (Fol,
589 1354 593 1379 1
604 1355 629 1380 a·
639 1354 644 1379 r
653 1343 675 1391 b)

184 1444 296 1492 (Oruitfifur
308 1423 337 1480 faia·
345 1454 387 1480 curn
398 1443 466 1480 itcrrun
478 1443 560 1481 Rubrica
566 1416 707 1490 arripatorio)

271 1574 368 1615 Qualiter
376 1574 470 1607 novitius
479 1574 621 1617 professetur.

136 1681 223 1730 Tempus
242 1681 363 1730 probationis
381 1682 478 1737 statuitur
486 1682 570 1720 Rubrica
582 1683 623 1721 XIV
634 1695 668 1731 per
681 1683 780 1732 integrum

110 1761 185 1788 annum
197 1749 246 1800 (Fol.
258 1749 290 1799 aa)
298 1751 431 1799 computando
444 1763 454 1788 a
466 1751 558 1789 Kalendis
568 1757 587 1788 et
602 1763 641 1789 non
654 1752 728 1797 afestis
741 1763 782 1790 mo·

109 1819 187 1867 bilibus,
203 1825 223 1857 et
232 1820 342 1868 praecipitur
357 1821 377 1857 in
398 1820 469 1858 virtute
489 1825 561 1858 sancte
581 1821 696 1859 obedientiae
714 1827 733 1859 et
745 1822 782 1860 sub

110 1900 169 1938 poena
180 1889 318 1938 suspensionis
331 1901 356 1926 ne
371 1889 441 1937 aliquis
454 1890 477 1926 ad
487 1889 630 1938 professionem
643 1890 783 1939 recipiaturin-

109 1960 137 1996 fra
149 1962 227 1996 aetatem
236 1958 276 1996 XIV
288 1970 387 1997 annorum
400 1959 502 2007 complete,
515 1963 533 1996 et
542 1959 634 2008 accipitur
643 1971 666 1997 ex
678 1959 781 2006 Sexto‚tit.

110 2028 134 2065 de
147 2028 276 2076 regularibus,
287 2039 303 2066 c.
314 2028 360 2066 Non
378 2028 450 2071 solum,
464 2032 508 2066 etc.
520 2028 695 2072 Constitutionem,
710 2029 743 2066 ubi
756 2030 783 2067 sic

111 2096 192 2134 dicitur:
207 2097 289 2134 «Vobis
302 2097 397 2146 religiosis
410 2097 568 2135 mendicantibus
578 2097 601 2135 de
614 2098 694 2135 fratrum
705 2103 783 2136 nostro-

111 2177 154 2203 rum
167 2165 256 2210 consilio,
268 2166 287 2203 in
302 2166 373 2204 virtute
390 2171 462 2204 sanctae
475 2167 591 2204 obedientie
603 2171 622 2204 et
634 2167 671 2204 sub
681 2178 740 2215 poena
750 2179 783 2205 cx-

110 2234 425 2273 communicationisauctoritate
438 2236 564 2284 praesentium
582 2235 689 2273 districtius
710 2235 784 2274 intribe-

112 2315 165 2349 ntus,
188 2315 211 2341 ne
224 2308 268 2341 ante
280 2315 354 2342 annum
370 2304 490 2354 probationis
502 2306 599 2354 elapsum,
613 2305 646 2353 qui
656 2308 686 2343 est
698 2305 783 2343 inarime

110 2374 131 2411 in
152 2373 262 2412 subsidium
296 2374 404 2423 fragilitatis
425 2376 518 2412 humanae
539 2374 651 2422 regulariter
671 2374 780 2419 institutus,
