1631 2703
81 114 117 152 170
236 113 285 141 ACTA
297 113 356 141 CAPIT.
370 114 438 142 GENER.
452 115 470 141 Α.
482 114 500 142 D.
522 114 578 154 1351.

74 188 149 225 risiensi
162 199 197 236 pro
213 188 312 232 censibus,
328 200 378 236 quos
393 189 457 226 dictus
471 194 580 227 conventus
592 187 649 225 habet
661 187 680 224 in
694 186 739 224 villa

75 257 218 306 quinquaginta
229 257 314 295 tlorenos
326 257 380 295 omni
392 269 443 295 anno
452 268 456 305 ;
465 258 519 305 quod
531 258 546 295 si
558 257 621 295 dictus
630 260 739 294 conventus

76 326 161 375 amplius
176 326 200 363 de
214 326 305 364 censibus
317 326 412 373 babuerit,
425 331 471 364 tunc
483 327 507 363 de
521 338 542 364 se
556 326 620 364 dictus
631 330 739 363 conventus

76 395 151 432 solvere
165 400 261 434 teneatur.
278 395 296 433 Si
313 406 358 433 vero
377 395 443 433 minus
461 395 529 433 debeat
542 395 606 433 dictus
622 399 737 437 conventus,

75 468 122 501 tunc
135 464 235 502 residuum
248 465 342 502 adversus
354 475 471 502 communes
483 468 591 502 conventus
602 463 684 501 tideliter
694 473 740 500 con-

76 538 168 577 vertatur,
182 539 200 570 et
212 535 236 571 de
249 534 325 571 residuo
335 533 429 571 dictarum
441 534 560 571 taxationum
571 533 639 570 habeat
648 533 700 581 prior
707 544 741 581 ge-

78 603 148 640 neralis
168 603 263 646 ordinare,
280 603 356 651 negotia
374 606 488 651 pertractare
503 602 611 640 secundum
627 602 663 639 sibi
675 601 739 639 visum

77 672 136 710 suerit
144 672 240 720 expedire.

104 742 150 778 ltem
163 741 307 779 committimus
317 740 374 789 priori
384 740 494 789 provinciali
504 740 594 787 Franciae,
604 745 701 788 quatenus
712 739 742 777 in-

78 812 105 847 tra
117 810 168 847 aliud
180 811 285 858 capitulum
298 811 387 858 generale
399 809 548 847 constitutiones
563 809 609 847 istas
624 814 642 847 et
653 809 699 847 alias
711 820 743 846 ex-

78 884 200 928 travagantes
212 880 235 916 ad
248 879 331 916 debitam
344 879 427 916 formam
438 879 523 927 redigere
535 884 553 916 et
562 889 593 916 eas
603 889 647 916 cum
658 877 742 926 antiquis

78 948 200 997 incorporare
217 949 236 985 in
250 948 291 986 suis
306 948 353 985 locis
367 948 437 986 debitis
454 948 544 993 breviter,
561 947 658 986 succincte
675 959 742 985 earum

79 1016 186 1068 scheda(r)
197 1018 216 1055 in
229 1018 323 1055 omnibus
335 1023 415 1056 servata.

105 1088 124 1124 ln
142 1087 282 1126 constitutione
294 1087 433 1125 Mediolanensi
450 1086 480 1136 (2)
498 1081 521 1124 de
536 1086 688 1132 infirmantibus,
709 1087 742 1124 ubi

80 1156 155 1199 dicitur,
167 1158 220 1205 quod
235 1157 359 1206 provideatur
370 1156 453 1194 infirmis
467 1156 557 1194 iratribus
572 1156 655 1205 gradatis
670 1162 688 1194 et
703 1162 744 1194 stu-

80 1225 170 1263 dentibus
182 1226 327 1275 Parysiensibus
340 1231 358 1263 et
369 1226 388 1262 in
401 1225 442 1262 aliis
452 1225 521 1263 studiis
532 1225 656 1274 generalibus
668 1226 691 1263 de
703 1225 744 1263 suis

81 1294 185 1342 provinciis
201 1296 238 1332 sub
257 1294 371 1331 testimonio
391 1293 448 1342 sigilli
465 1293 534 1342 prioris
557 1299 576 1330 et
593 1294 680 1342 magistri
704 1294 744 1331 sive

81 1363 157 1400 lectoris
172 1362 291 1412 principalis,
307 1364 410 1405 abradatur
424 1367 444 1399 et
458 1362 538 1409 dicatur,
554 1363 607 1411 quod
622 1363 745 1410 provideatur

82 1432 110 1469 eis
125 1432 233 1470 secundum
246 1433 374 1480 quantitatem
392 1437 411 1469 et
423 1432 535 1480 qualitatem
553 1431 677 1476 infirmitatis,
694 1433 746 1481 jura-

81 1505 149 1538 rnento
167 1501 220 1549 prius
238 1501 324 1550 praestito
339 1502 362 1538 ab
379 1502 457 1538 infirmo
474 1501 582 1538 secundum
596 1501 697 1539 arbitrium
716 1501 745 1538 sui

81 1569 150 1617 prioris
169 1570 298 1618 provincialis,
321 1570 448 1607 diffinitorum
465 1569 543 1617 capituli
561 1569 685 1617 provincialis
705 1581 746 1607 suae

81 1638 193 1686 provinciae.

108 1708 127 1744 ln
139 1708 195 1756 cujus
208 1709 234 1746 rei
247 1708 380 1746 testimonium
401 1709 486 1757 sigillum
502 1708 563 1746 nostri
579 1709 701 1757 generalatus
718 1709 747 1745 oi-

82 1776 118 1813 ficii
138 1771 267 1824 praesentibus
286 1782 315 1814 est
329 1789 446 1826 appensum.
465 1777 535 1814 Datum
551 1788 610 1819 anno,
629 1777 659 1814 die
675 1781 693 1814 et
704 1777 746 1814 loco

83 1845 155 1893 quibus
167 1856 232 1893 supra.
245 1846 276 1896 (3)

106 1962 134 2001 (r)
143 1960 211 1992 Tertus
220 1960 274 1992 habet
283 1971 293 1991 r(
301 1960 332 1992 sda
339 1971 349 1991 n
359 1960 407 2001 quod
416 1960 536 1992 communiter
543 1959 696 2001 legitursccnnda,
704 1970 746 2002 pos-

84 2027 111 2051 set
121 2027 181 2050 rameri
192 2018 305 2061 interpretari
312 2029 315 2051 :
322 2018 391 2050 scheda

104 2077 132 2118 (a)
142 2076 200 2118 Supra
211 2077 230 2109 P.
244 2076 281 2118 148.

106 2135 130 2176 (3)
142 2133 213 2167 Desinit
220 2134 249 2166 hic
259 2134 316 2177 prima
325 2145 401 2174 manus;
414 2144 454 2177 quae
467 2142 568 2177 sequuntur
577 2134 658 2177 pluribus
668 2134 706 2167 aliis
713 2145 749 2168 ma-

84 2195 136 2227 nibus
144 2201 217 2227 exarata
227 2201 274 2226 sum.
