1616 2703
272 113 358 143 Pntontru
370 113 491 144 GENERALIUM
681 114 720 154 237

44 196 74 231 est
88 191 107 230 in
123 189 227 239 Avinione‚
241 194 260 228 et
272 190 308 230 suit
320 190 344 230 de
358 189 457 240 provincia
472 190 593 231 Cathatoniae
606 194 627 229 et
637 189 661 229 de
672 202 720 231 con-

44 266 104 300 ventu
119 260 273 308 Perpinianensi.
545 264 548 268 ’

71 330 163 380 Magister
174 329 337 377 iraterJohannes
350 329 373 368 de
385 329 450 369 Aterio
459 330 484 368 de
495 329 595 380 provincia
607 329 719 379 Aquitaniae

44 400 94 439 rexit
105 411 140 450 per
151 400 174 438 lX
183 410 255 447 annos,
267 404 286 438 et
298 399 404 449 resignavit
416 401 436 438 in
453 400 538 449 capitulo
554 400 718 444 Vaiencenarunr‚

44 475 63 509 et
74 475 120 519 post
128 470 188 518 ionga
197 474 286 518 tempora
295 470 386 519 sepultus
395 475 425 509 est
436 469 535 508 Tholosae.

71 540 164 590 Magister
182 542 240 578 irater
254 539 323 578 Petrus
338 540 362 577 de
376 540 425 579 Casa
446 540 553 589 provinciae
572 539 685 589 Aquitaniae
701 545 720 579 et

44 615 154 649 conventus
161 608 309 648 Lemovicarunr
317 609 367 648 rexit
377 611 417 648 iere
427 621 460 659 per
471 610 501 648 Xil
512 621 584 649 annos.
596 610 647 649 Nam
657 610 720 649 iactus

44 679 149 729 episcopus
160 679 290 717 Vasionensis
306 684 325 717 et
337 679 445 728 patriarcha
456 679 647 729 Hierosolymitanus
660 684 679 740 et
690 683 720 718 est

44 750 135 798 sepultus
154 748 240 787 Vasione
249 748 269 786 in
281 748 358 788 civitate
369 749 494 799 episcopatus
506 749 544 788 sui.
558 749 593 788 Hic
604 749 656 787 varia
673 748 721 788 scri-

44 819 192 868 psitopuscula.

47 919 48 922 ,
70 889 162 939 Magister
173 890 230 927 frater
248 889 315 928 Petrus
333 888 446 940 Rayrnundi
457 889 482 927 de
494 890 512 927 la
526 888 600 937 'Grassa
612 889 720 938 provinciae

44 958 173 997 Narbonaede
182 963 281 997 conventu
293 959 421 997 Carcassonae
431 959 479 997 rexit
494 969 527 1009 per
540 958 574 997 XV
588 969 652 997 annos
662 964 680 998 et
692 958 721 998 di-

45 1027 136 1074 midiunr,
156 1032 175 1066 et
195 1029 286 1078 sepultus
298 1034 328 1067 est
345 1028 365 1067 in
386 1034 486 1067 conventu
504 1029 679 1078 Montispessulani
691 1029 720 1067 &c

44 1096 98 1148 (sie).

71 1168 164 1218 Magister
172 1167 337 1215 iraterJohannes
349 1167 442 1207 Balistarii
454 1168 478 1206 de
490 1168 591 1217 provincia
600 1168 720 1207 Cathaloniae

45 1243 156 1276 conventus
164 1237 306 1287 Majoricensis,
318 1237 367 1276 rexit
378 1250 412 1287 per
425 1249 489 1276 annos
499 1238 546 1282 XVI,
556 1242 576 1276 et
588 1239 678 1287 sepultus
690 1242 720 1277 est

45 1307 65 1345 in
77 1311 178 1345 conventu
190 1318 227 1345 suo
238 1318 299 1356 prope
311 1307 395 1345 domurn
409 1306 443 1346 ubi
458 1307 495 1345 fuir
505 1311 570 1355 natus,
581 1309 621 1345 fere
633 1319 668 1357 per
678 1307 720 1347 XVI

45 1388 119 1415 cannas
128 1376 159 1423 vel
168 1376 230 1415 XVlil.

71 1447 165 1496 Magister
179 1448 237 1485 frater
253 1446 362 1484 Bernardus
374 1446 433 1484 Olerii
448 1446 472 1484 de
487 1446 586 1496 provincia
599 1447 720 1486 Cathanniae

45 1522 155 1555 conventus
170 1516 288 1562 Minorissae,
310 1516 359 1554 rexit
372 1528 406 1565 per
418 1516 456 1554 Viii
472 1528 542 1562 annos,
556 1524 574 1555 et
589 1518 679 1567 sepultus
691 1522 720 1556 est

45 1586 64 1623 in
74 1591 174 1625 conventu
183 1586 309 1624 Barchinonae
319 1586 356 1623 Vlii
366 1586 442 1633 ld.Juiii
452 1598 504 1624 anno
516 1586 595 1624 Domini
608 1589 665 1637 1383.

72 1656 164 1705 Magister
174 1657 230 1694 irater
241 1655 372 1706 Raynrundus
382 1656 471 1705 Baquerii
479 1656 504 1693 de
514 1656 613 1706 provincia
622 1657 721 1695 Narbonae

45 1729 64 1763 et
72 1729 181 1764 conventus
190 1725 275 1770 Biterris,
290 1725 338 1763 rexit
349 1737 383 1774 per
392 1726 417 1764 iV
428 1736 499 1770 annos,
517 1730 536 1763 et
550 1731 642 1765 mortuus
654 1731 684 1765 est
700 1727 720 1765 in

44 1800 144 1834 conventu
151 1795 267 1844 Perpiniano
278 1794 297 1832 in
307 1794 406 1844 provincia
415 1794 543 1834 Cathaloniae.

302 1959 463 1967 -—.-——-

72 2057 129 2096 Hisce
141 2058 244 2109 subjungit
252 2058 321 2099 Baieus
333 2061 398 2110 plures
408 2060 455 2099 alios
470 2070 557 2109 quorum
568 2058 647 2097 notitias
659 2059 721 2098 unde-

46 2138 123 2177 quaque
136 2128 258 2177 conquisitas
270 2141 295 2167 ne
307 2135 387 2179 pereant
398 2130 506 2179 adjungere
516 2129 579 2179 juvat.

71 2197 159 2246 (ibidem,
171 2198 204 2236 fol.
219 2198 278 2251 ro7b)
287 2199 380 2250 Magister
391 2199 554 2248 iraterJohannes
562 2198 630 2237 Grossi
642 2198 666 2237 de
676 2210 721 2248 pro-

46 2265 109 2305 vincia
122 2253 214 2306 Tholosae
228 2274 338 2309 conventus
355 2269 500 2320 Appamiarum
519 2268 568 2306 rexit
584 2267 675 2319 ordinem
688 2279 722 2318 per

46 2336 102 2375 XLIV
113 2348 184 2386 annos,
192 2338 274 2378 demum
287 2340 306 2378 in
316 2340 401 2389 capitulo
414 2340 510 2379 celebrato
521 2338 603 2377 Nanetis
610 2349 662 2377 anno
672 2349 722 2390 1430

46 2405 66 2444 in
77 2406 191 2446 Pentecoste
201 2407 314 2458 resignavit,
327 2414 416 2460 tuncque
432 2410 494 2449 factus
513 2412 543 2447 est
561 2398 723 2458 priorgeneraits
