1631 2703
87 106 122 169 178
137 118 140 123 ”
159 117 161 121 ’
181 119 183 122 ’
357 130 405 158 acra
420 124 490 158 carrr.¹
510 125 512 128 '
554 126 556 130 ⁴
576 128 578 130 ·
620 128 622 130 ·

84 209 193 259 conventus
204 204 268 244 Curiae
279 205 373 260 Romanae
382 204 417 242 dac.

111 274 133 311 Et
147 271 260 312 inllubrica
276 274 310 311 XX
321 273 391 311 dicitur
407 272 523 317 statuimus,
543 272 692 325 quod-quilibet
706 273 753 311 sub-

83 343 136 392 prior
145 353 179 391 per
185 339 299 380 electionem
310 343 410 385 habeatur,
419 342 501 379 addatur
509 341 631 383 declarando,
643 342 697 389 quod
706 343 753 379 sub-

84 412 137 460 prior
148 412 167 449 in
179 412 266 449 absentia
278 411 346 460 prioris
358 422 425 448 curam
437 410 547 448 animarum
560 411 651 447 omnium
671 412 752 448 fratrum

84 469 153 517 habeat
162 479 192 517 sui
201 484 318 517 conventus.

110 550 157 588 Item
167 549 279 594 statuimus,
290 549 343 597 quod
353 548 436 597 quilibet
444 548 564 586 bachelarius
573 548 658 586 lecturus
673 547 753 586 Senten-

83 617 120 655 tias
131 608 221 667 Parysius
238 622 276 655 stet
296 613 405 666 perunum
417 628 492 654 annum
505 616 617 654 immediate
636 621 680 654 ante
693 617 753 655 lectu-

86 685 134 731 rain,
144 697 179 735 pro
192 698 231 735 quo
250 687 313 724 solvat
324 686 424 734 provincia
444 697 479 723 sua
493 685 527 723 XV
550 684 635 723 florenos
647 685 753 724 conventui

86 755 200 804 Parysiensi,
210 760 229 792 et
238 755 274 792 Vlll
283 755 319 803 ipsi
331 754 438 792 baclralario
445 756 526 792 lecturo.

113 825 159 862 ltem
171 823 314 862 committimus
324 823 382 872 priori
394 823 485 872 generali,
500 823 553 872 quod
572 822 635 872 possit
647 834 721 872 ponere
735 829 754 861 et

85 893 183 941 deponere
197 892 280 940 priorem
291 892 430 941 provincialem
443 891 547 941 provinciae
556 892 663 930 Provinciis
673 904 708 941 pro
720 905 754 931 vo-

86 962 159 1000 luntate
171 973 206 999 sua
218 972 281 1009 usque
289 962 313 999 ad
325 961 433 1010 capitulum
445 962 541 1010 generale.

112 1031 158 1068 ltem
170 1030 189 1068 in
201 1029 286 1068 Rubrica
297 1030 327 1067 llll
337 1030 361 1068 de
373 1030 503 1074 Indumentis,
514 1030 547 1068 ubi
556 1029 664 1068 secundum
676 1029 754 1068 Consti-

86 1098 182 1137 tutionem
194 1099 364 1147 Perpinianensem
377 1098 408 1149 (1)
422 1099 503 1137 dicitur:
521 1099 564 1137 Item
575 1099 610 1137 sub
621 1093 684 1136 eadem
697 1103 754 1146 poena

86 1168 142 1206 etiarn
154 1168 174 1205 ia
185 1168 264 1205 viatricis
280 1168 386 1206 tunicarum
395 1169 431 1212 vel,
448 1167 541 1206 addatur:
552 1169 582 1205 aet
590 1167 609 1204 iu
621 1167 665 1214 ipsis
677 1167 752 1216 turricis,

88 1241 108 1275 et
120 1236 173 1284 quod
185 1237 280 1285 sequitur.

114 1306 159 1343 ltem
178 1305 197 1343 in
210 1306 277 1343 endem
290 1305 373 1345 Rubrica
392 1310 489 1354 ponatur:
510 1306 529 1343 ln
544 1305 616 1343 virtute
628 1310 700 1343 sanctae
709 1305 754 1343 obe-

48 1405 53 1413 .
88 1373 166 1411 dientiae
174 1374 306 1423 praecipimus,
320 1374 372 1422 quod
385 1375 451 1412 nullus
460 1375 516 1412 irater
528 1378 592 1422 portet
603 1374 705 1423 corrigiam
718 1373 754 1412 nisi

88 1442 112 1479 de
123 1427 175 1480 corio
184 1442 226 1480 siue
234 1442 299 1480 bursis
311 1454 345 1480 seu
355 1443 456 1480 ornatibus
468 1442 605 1490 argenteisaut
611 1443 715 1491 cujuslibet
727 1443 754 1479 al·

87 1500 147 1549 terius
160 1511 231 1548 metalli
252 1522 286 1548 seu
310 1511 375 1549 eboris
386 1517 419 1549 aut
431 1511 482 1549 ossis
494 1512 531 1559 (2).
541 1512 580 1549 Nec
589 1511 658 1559 aliquis
678 1511 754 1559 gladios

87 1591 131 1617 cum
151 1581 258 1618 manubriis
270 1581 294 1618 de
311 1581 369 1618 ebore
381 1592 415 1618 seu
433 1581 564 1630 deargentatis
577 1586 647 1629 portet,
658 1582 753 1625 volentes,

86 1649 140 1696 quod
152 1649 210 1698 gladii
225 1649 302 1687 honesti
314 1650 338 1687 ad
350 1649 467 1698 portandum
483 1650 566 1687 habeant
575 1650 640 1687 solum
652 1648 683 1698 (3)
691 1650 755 1698 longi-

86 1717 173 1756 tudinem
187 1717 245 1757 unius
255 1720 324 1767 palmae
340 1730 410 1757 manus
419 1730 442 1756 cx
454 1723 566 1757 transverso
575 1719 651 1768 positae,
665 1730 700 1756 nec
721 1719 755 1756 ali-

86 1787 131 1834 quis
152 1791 231 1835 torques
243 1788 266 1825 de
278 1788 339 1825 serico
350 1792 413 1836 portet
425 1788 463 1826 sub
483 1799 541 1836 poena
560 1788 674 1826 amissionis
686 1799 751 1826 rerum

87 1855 231 1903 praedictarum.
308 1857 309 1860 ’
368 1904 370 1909 Α

88 1959 90 1962 .
113 1924 211 1962 Volumus
228 1928 247 1962 et
258 1924 382 1969 mandamus,
399 1925 452 1973 quod
474 1926 539 1963 nullus
552 1927 608 1963 irater
620 1930 689 1974 praeter
701 1926 754 1963 tuni-

86 2003 128 2030 cam
139 2004 161 2030 ac
172 1993 271 2042 scapulare
287 1993 370 2031 biretum
383 1999 416 2031 aut
427 1994 473 2031 alias
491 1994 560 2032 raubas
576 1999 630 2032 sutas
639 1993 722 2045 (portet)
729 1995 753 2032 de

86 2061 146 2099 serico
157 2057 300 2105 vniat‘croceo
312 2067 345 2100 aut
354 2062 421 2100 talium
432 2063 529 2109 colorum,
542 2062 594 2111 quod
601 2062 666 2111 -posslt
675 2063 754 2101 eviden-

85 2130 124 2169 tius
136 2130 230 2180 distingui
239 2143 249 2168 a
258 2132 322 2169 colore
331 2130 402 2176 rauba,
413 2132 450 2169 sub
460 2131 527 2169 eadem
541 2142 605 2181 poena.

106 2251 134 2292 (ι)
141 2251 200 2293 Supra
209 2250 229 2283 P.
239 2260 277 2291 172.

106 2305 135 2345 (a)
145 2308 213 2347 praeler
228 2304 310 2348 incapite
323 2305 432 2348 praecedente
441 2315 472 2338 nec
481 2305 547 2348 poterit
559 2314 596 2338 csse
610 2304 688 2349 par(tirn
698 2305 717 2346 P)
727 2305 748 2339 da

84 2366 128 2389 ossa.
140 2357 238 2389 Fateorme
248 2357 320 2399 penitus
329 2359 412 2402 ignorare
422 2358 466 2401 quid
473 2358 508 2391 sibi
520 2358 559 2391 hae:
566 2355 628 2391 velint.

105 2410 134 2451 (3)
142 2408 220 2442 Additur
229 2409 246 2442 in
258 2416 285 2443 tro
290 2411 366 2451 ‚nescio
375 2411 419 2455 quid
429 2411 464 2444 hoc
472 2411 499 2444 sir.
