1631 2703
86 101 111 140 94
338 99 495 133 constitutiones

84 170 195 223 'rruaestores
206 173 249 215 suis
261 177 358 227 prioribus
370 182 388 217 et
400 179 516 219 custodibus
536 179 659 228 supradictis,
672 182 716 218 ‘cum
728 180 752 218 ab

85 243 113 282 eis
129 245 202 283 fuerint
214 247 309 295 requisiti.
322 259 339 296 5.
355 247 445 286 Similiter
457 254 592 298 procuratores
603 249 682 298 capituli
694 261 754 298 gerre-

85 313 129 351 ralis
141 315 171 351 vel
181 315 306 363 provincialis
315 328 336 353 ac
345 305 402 354 etiam
416 319 483 355 iratres
492 317 578 367 deputati
587 318 612 355 ad
621 317 753 366 recipiendum

85 383 115 420 vel
138 384 291 431 expendendum
312 396 348 433 pro
370 385 443 423 eisdem
464 386 483 423 in
503 386 592 435 capitulis
611 386 630 423 in
651 388 753 434 praesentia

84 450 154 498 prioris
168 452 269 500 'generalis
281 457 300 490 et
315 451 442 491 diffinitorum
458 466 548 500 suorum,
567 455 597 491 vel
611 454 629 491 ln
650 455 753 503 praesentia

82 519 153 568 prioris
165 521 289 570 provincialis
300 525 319 558 et
331 519 459 561 diffinitorum
472 535 554 561 suorum
567 535 589 560 ac
598 523 688 570 aliorum,
701 535 751 571 quos

83 588 109 625 ad
121 589 159 626 boc
170 601 239 627 vocare
253 589 357 635 voluerint,
371 591 453 629 reddant
467 597 582 640 compotum
598 591 622 629 de
634 592 714 640 receptis
733 596 752 629 et

84 657 182 705 expensis.
196 655 215 696 6.
229 658 274 696 ltem
288 656 376 696 districtc
389 659 513 708 praecipimus
525 664 544 697 et
559 659 677 697 mandamus
697 660 751 708 quod

83 726 212 774 nullusprior
223 726 289 765 localis
299 726 329 764 vel
341 727 462 765 bacbalarius
474 727 493 765 in
508 727 607 776 theologia
616 739 638 765 ac
647 728 706 766 lector
717 740 751 766 cu-

80 793 201 843 juscumque
212 798 322 833 conventus
333 795 363 832 vel
375 795 433 832 etiam
445 800 558 844 procurator
568 795 642 833 ordinis
650 797 750 834 ¹famulum

83 873 118 911 pro
132 873 153 900 se
165 867 229 901 teneat
237 863 260 901 ad
273 871 368 912 expensas
380 868 496 909 conventus,
509 864 543 902 ubi
555 875 632 902 moram
644 865 709 903 trahit.

147 990 209 1029 Ruan.
222 989 280 1029 XXX.
294 989 321 1028 Dc
335 1000 391 1029 tarcis
402 1001 487 1030 ascerus
498 1002 533 1029 vet
543 1001 655 1049 recrnurors
666 1001 683 1029 ru

275 1064 358 1114 Fratres
372 1087 407 1114 VEL
420 1086 553 1115 SEMlFRATRES.

111 1202 127 1229 r.
140 1191 215 1230 Fratres
224 1192 266 1230 laici
278 1193 307 1230 vel
317 1192 436 1230 semifratres
447 1192 471 1230 ad
483 1192 584 1230 arbitrium
597 1191 627 1229 sui
640 1192 709 1240 prioris
721 1192 751 1230 in-

81 1263 114 1297 tus
125 1264 144 1297 et
156 1256 239 1298 exterius
247 1261 337 1298 laborent
346 1261 366 1297 in
378 1265 418 1298 arte
430 1265 449 1298 et
460 1272 519 1309 opere
531 1271 568 1298 suo
579 1261 610 1298 vel
622 1271 750 1309 quocumque

80 1328 125 1384 alio,
138 1328 176 1367 sub
188 1340 247 1378 poena
259 1329 416 1367 inobedientibus
428 1329 541 1378 infligenda,
557 1333 576 1366 et
587 1333 626 1366 tarn
639 1329 676 1377 ipsi
689 1341 748 1378 quam

80 1393 149 1435 iratres
163 1398 225 1436 clerici
243 1398 285 1436 sine
303 1410 404 1436 murmure
421 1403 534 1447 operentur,
553 1396 586 1435 ubi
606 1397 677 1446 aliquid
691 1398 749 1436 fuerit

80 1466 212 1514 operandum.
237 1478 255 1505 2.
270 1467 369 1505 Volumus
387 1471 452 1504 autem
465 1467 519 1515 quod
533 1466 608 1515 priores
622 1466 693 1504 locales
708 1477 747 1504 non

79 1534 192 1583 permittant
203 1536 294 1574 subditos
306 1546 353 1573 suos
362 1535 424 1573 otiose
436 1535 543 1573 discurrere
555 1535 584 1572 vel
594 1535 666 1583 vagari,
685 1535 720 1573 sed
731 1535 747 1573 si

78 1608 129 1652 qu'os
141 1605 256 1653 hujusmodi
268 1604 385 1649 invenerint,
398 1605 422 1642 ad
437 1603 605 1653 operandnmeos
617 1605 747 1653 compellant,

79 1678 112 1710 aut
127 1673 147 1710 in
160 1674 195 1710 alia
210 1673 261 1711 bona
282 1674 409 1722 occupatione
427 1679 508 1722 ponant,
525 1673 562 1711 sub
577 1684 635 1721 poena
651 1673 747 1722 gravioris

79 1735 142 1790 culpae
154 1747 188 1790 per
199 1742 250 1780 duos
265 1743 307 1780 dies
318 1748 358 1779 tam
374 1743 464 1780 iratribus
477 1742 598 1791 vagabundis
613 1753 672 1790 quani
688 1742 746 1791 priori

80 1797 199 1858 permittenti
211 1811 324 1860 infligenda.
339 1822 356 1857 3.
370 1812 490 1849 Ordinamus
498 1811 563 1854 etiam,
574 1810 626 1858 quod
640 1810 681 1848 laici
692 1812 745 1849 nullo

62 1873 67 1876 ⁵
80 1880 140 1917 modo
156 1880 248 1918 almucias
260 1884 344 1929 portent,
360 1885 382 1918 ut
394 1892 428 1929 per
439 1881 476 1917 hoc
490 1892 500 1916 a
515 1879 588 1917 clericis
606 1885 744 1927 agnoscantur.

79 1946 98 1995 4.
114 1948 152 1993 Qu
168 1953 234 1987 autem
249 1950 273 1986 de
290 1953 353 1986 cetero
371 1948 474 1997 recipiendi
493 1948 564 1986 luerint
582 1949 612 1985 vel
631 1960 641 1984 a
661 1948 745 1996 capitulo

79 2016 193 2055 Treverensi
204 2016 230 2068 (1)
245 2018 291 2055 citra
301 2022 348 2055 sunt
358 2017 435 2066 recepti,
449 2028 484 2055 nec
497 2028 566 2055 vocem
582 2027 616 2053 nec
630 2017 694 2054 locum
713 2018 746 2055 ba-

78 2086 145 2131 beant,
160 2098 196 2124 nec
212 2087 295 2136 capitula
312 2086 454 2135 ingrediantur,
465 2085 501 2124 nisi
518 2086 541 2123 ad
557 2084 661 2123 dicendum
679 2086 746 2135 culpas

43 2201 46 2205 .
78 2167 132 2201 suas,
146 2161 165 2194 et
177 2156 298 2205 ubicumque
310 2156 389 2201 luerint,
402 2156 422 2193 in
434 2155 494 2193 domo
503 2156 533 2193 vcl
545 2158 605 2199 extra,
619 2155 746 2193 reverentiam

77 2225 147 2264 faciam
161 2225 252 2264 fratribus
261 2225 334 2263 clericis
343 2229 361 2262 et
376 2224 510 2263 sacerdotibus
520 2223 618 2262 humiliter
627 2224 746 2272 responden-

98 2389 119 2431 [1)
129 2368 182 2422 Anno
193 2370 267 2422 Domini
279 2364 327 2431 rapi.
