1631 2703
274 133 360 161 :numum
372 132 417 160 'llLlV
649 133 683 172 lljl

17 207 66 245 alius
78 207 134 253 aliter
143 207 245 245 ordinandi
258 207 327 245 habeat
346 210 471 255 potestatem.

44 287 64 326 9.
79 266 187 314 S't'atuinr'us¹
199 269 251 324 quod
263 267 394 323 nullus'prio‘r
403 271 469 312 localis
478 270 512 323 per
523 285 544 312 se
553 268 582 313 uel
592 275 649 318 etiarn
662 275 686 313 de

18 348 100 382 assensu
114 343 269 388 consiliariorum
282 344 311 381 vel
327 343 437 391 custodum
445 348 479 381 aut
489 342 551 393 etiarn
566 344 627 387 totius
639 355 686 381 con-

17 418 144 459 ventus57nec
153 412 204 461 prior
216 418 333 456 conventus,
347 423 382 449 nec
390 411 441 460 prior
451 411 582 460 provincialis„
591 424 627 456 uec
635 413 686 461 capi·

18 480 217 529 tulumproyinciale,
231 491 266 517 nec
280 480 337 518 etiam
348 479 400 528 prior
411 480 514 528 generalis,
533 480 603 529 librum
622 482 652 528 uel
665 481 687 518 li-

18 534 65 594 bros
84 535 237 598 qualescumque
249 548 361 586 communis
378 548 459 586 librariae
479 549 561 597 alicujus
575 555 686 588 conventus

18 618 96 664 ueildnt,
110 617 149 661 det,
162 623 195 655 aut
207 617 279 665 quovis
289 617 353 666 colore
364 617 434 654 alienet
445 621 478 654 aut
488 617 547 655 *etiam
558 617 684 667 impignoret,

19 687 123 735 subp-cena,
131 686 245 734 privationis
258 685 323 731 officii,
336 686 410 734 gradus
424 690 443 723 et
455 685 544 731 honoris,
554 686 607 734 vocis
619 687 687 733 etloci

18 760 58 802 tam
67 754 185 802 iacientibus
196 766 254 803 quarn
267 754 437 798 consentientibus
450 754 563 803 infligenda.
582 766 620 801 ro„v
628 755 688 800 Volu-

18 835 63 862 mus
78 830 152 869 tamen,
164 823 271 872 quodlibri
281 829 391 861 conventus
401 823 479 872 possint
490 824 632 871 accommodari
645 824 688 862 reli*

17 885 84 941 glosis,
95 893 190 942 personis
203 892 294 938 ‘honestis
314 903 335 929 ac
362 892 440 942 magnis
455 897 474 940 et
489 893 581 941 fratribus
601 893 620 931 in
641 904 686 931 casu
741 920 744 925 .

19 961 145 1008 necessitatis,
153 962 223 1007 ¹habita
238 966 303 998 tamen
315 961 371 1006 firma
383 961 473 1007 cautione
484 961 537 1009 quqd
550 973 589 999 non
609 962 687 1011 possint

18 1030 87 1071 arnitti.
98 1029 116 1067 Si
128 1033 194 1067 tamen
206 1029 264 1077 aliqui
279 1029 320 1067 libri
333 1041 368 1077 pro
381 1041 418 1067 usu
436 1030 516 1067 fratrum
530 1031 593 1068 lorent
607 1031 686 1077 inutiles

18 1103 52 1144 aut
63 1098 148 1144 aliunde
157 1098 219 1147 ntiqui
231 1109 255 1135 ex
267 1098 374 1136 his-essent
385 1097 483 1146 duplicati,
497 1098 544 1136 tales
561 1099 584 1136 de
596 1110 686 1147 expressa

18 1167 94 1214 licentia
104 1166 173 1215 prioris
184 1166 280 1216 generalis
291 1167 322 1205 vel
334 1161 412 1215 capituli
425 1166 547 1215 provincialis
563 1167 620 1215 vendi
632 1173 687 1216 pote-

19 1241 71 1281 runt,
85 1236 110 1275 ita
124 1240 189 1284 tamen
211 1235 264 1284 quod
277 1235 361 1284 pretium
376 1234 500 1273 venditorum
516 1236 572 1284 plene
582 1242 603 1283 et
613 1235 687 1285 absque

19 1304 148 1351 diminutione
168 1304 187 1342 in
205 1304 253 1341 alios
272 1305 332 1342 libros
352 1309 478 1341 convertatur
497 1304 534 1342 sub
554 1315 611 1353 poena
632 1305 687 1353 prius

19 1357 92 1412 notata.
111 1384 140 1412 11.
156 1374 202 1410 ltem
212 1372 254 1410 libri
267 1374 347 1411 fratrum
360 1373 379 1410 in
391 1372 427 1410 alia
439 1373 537 1421 provincia
549 1373 685 1420 decedentium

19 1442 146 1481 restituantur
160 1441 249 1488 tratribus
269 1441 375 1490 provinciae
394 1442 425 1484 de.
435 1453 474 1490 qua
491 1443 559 1479 fratres
572 1443 686 1492 hujus-modi

20 1511 77 1563 missi
94 1511 165 1548 suerint
177 1511 229 1559 apud
249 1508 309 1548 illum.
335 1511 384 1547 Libri
402 1510 459 1547 etiarn
483 1511 506 1547 de
533 1511 686 1560 quibuscunque

19 1579 151 1617 taxationibus
180 1579 209 1616 vel
240 1578 321 1616 decimis
352 1590 387 1627 pro
408 1578 517 1632 §.COlssslbUS
538 1579 620 1617 ordinari
648 1580 686 1618 illis

19 1648 149 1686 conventibus
170 1647 410 1695 restituantur,aquibus
430 1636 519 1696 acquisiti
539 1648 618 1694 suerint,
640 1660 686 1687 curn

20 1718 104 1761 scolares
121 1716 235 1762 huiusmodi
252 1717 276 1764 ab
288 1716 422 1765 assignatione
439 1727 482 1764 sua„
493 1716 568 1764 absolvi
584 1717 687 1767 contigerit

20 1774 60 1824 sile
83 1785 139 1824 mori.
155 1797 185 1823 12.
197 1786 267 1832 Nullus
287 1787 344 1833 irater
365 1778 520 1833 vendatlibrum
537 1786 622 1834 aliquem
634 1792 688 1825 extra

19 1855 108 1893 ordinem
118 1856 149 1892 rel
165 1855 230 1904 aliquo
243 1855 303 1893 modo
313 1855 383 1892 alienet
394 1855 435 1893 sine
447 1854 521 1892 licentia
530 1854 559 1892 sui
573 1856 687 1905 superioris,

21 1936 56 1975 nec
71 1925 112 1974 ipse
122 1924 216 1976 concedat
230 1917 326 1977 licentiam
341 1924 384 1975 sine
396 1935 454 1962 causa
470 1924 580 1977 rationabili:
590 1930 609 1962 et
621 1936 688 1964 neces-

20 1993 76 2037 saria,
90 1993 127 2031 sub
139 2004 197 2041 poena
209 1983 304 2042 gravioris
313 1994 382 2041 culpae.

50 2072 79 2111 13.
92 2062 139 2099 ltem
149 2062 254 2100 statuimus
264 2061 316 2110 quod
327 2073 459 2110 quaecumque
469 2060 535 2111 gratiae
546 2063 575 2099 vel
582 2062 686 2106 libertates,

21 2130 136 2168 obedientiae
158 2142 193 2169 sen
213 2130 369 2180 dispensationes
390 2121 551 2179 quibuscumque
574 2131 685 2179 provinciis,

21 2198 150 2237 conventibus
162 2204 196 2238 aut
205 2200 294 2249 personis
305 2190 412 2255 ecapitulis
420 2199 545 2247 generalibus
556 2200 688 2239 concedantur

22 2255 133 2306 indistincte
145 2268 165 2306 in
177 2268 244 2307 litteris
256 2269 293 2307 sub
306 2252 369 2317 sigillo
380 2268 482 2306 communi
491 2267 564 2306 ordinis
576 2274 630 2307 extra
641 2281 688 2307 con-

25 2336 138 2375 stitutiones
150 2337 264 2376 habeantur.

620 2420 628 2446 S
