1616 2703
101 71 140 110 244
350 71 402 100 nauel
414 69 525 100 chramnus

101 158 112 184 2
125 146 221 184 Februarii
233 158 280 196 1553
297 146 376 185 Dublini
388 150 514 184 consecratus
526 150 563 184 est.
578 145 670 183 Attamen
683 145 774 183 Hibernis

100 216 218 265 episcopum
228 221 333 254 uxoratum
343 220 362 253 et
373 228 383 253 a
396 215 436 253 ride
448 220 557 264 apostatam
570 226 622 263 aegre
634 214 774 264 recipientibus

100 291 190 334 tempore
200 285 265 323 Mariae
277 285 347 334 reginae
356 286 424 333 fugere
439 290 517 322 coactus
529 285 573 322 iuit.
589 284 658 322 Redux
668 284 705 322 sub
715 284 775 322 Elisa-

100 355 159 392 betha
176 355 314 393 canonicatum
328 354 438 393 Cantunriae
458 354 545 392 obtinuit
563 355 596 403 (15
612 353 696 402 Januarii
716 352 774 402 1560)

100 423 134 462 ubi
147 424 227 461 tandem
240 435 308 462 mense
320 423 401 461 Octobri
414 420 462 473 1563
473 428 558 461 mortem
568 422 644 471 subiit(
658 422 673 474 ).

127 493 179 531 Dum
189 493 271 530 Carmeli
279 492 373 530 Ordinem
383 493 593 541 profiteretursemper
600 493 658 530 rebus
668 491 773 536 historicis,

100 562 232 611 biograplncis
241 567 260 599 et
269 561 428 611 bibliographicis
438 562 526 600 intentus
535 566 581 605 erat,
593 565 653 610 atque
662 561 719 599 etiam
730 566 775 610 post

101 631 199 680 duplicem
211 631 331 680 apostasiam
344 630 458 679 colligendis
472 630 647 669 notitiisOrdinem
657 630 776 679 respicienti-

100 701 138 738 bus
148 700 217 739 sedulo
230 712 309 750 operam
322 700 412 745 navabat,
423 700 514 749 quamvis
524 700 604 738 aliunde
616 700 681 738 foedus
693 700 776 749 scriptor

100 769 201 808 evasisset.
214 771 284 808 Praeter
300 771 340 807 iere
359 769 462 807 innumera
474 774 517 808 tum
533 769 666 818 manuscripta
677 775 720 807 tum
738 770 775 807 im·

100 849 168 888 pressa
177 850 236 888 opera
244 837 303 890 (circa
312 850 357 887 quae
365 840 457 877 consulas
466 838 606 877 bibliothecam
615 838 776 886 Carmelitanam)

101 908 204 957 sequentia
224 909 298 946 calamo
308 913 384 946 exarata
394 908 472 957 reliquit
482 920 486 946 :

100 980 125 1017 A.
136 978 176 1016 MS.
187 979 260 1029 Bodley
269 988 293 1030 73
306 978 407 1028 (Oxoniae)
416 984 436 1017 et

100 1048 121 1085 Β.
132 1047 172 1086 MS.
190 1048 259 1098 Harley
278 1050 326 1099 1819
338 1047 367 1098 (in
384 1049 460 1086 Musaeo
472 1048 589 1092 Britannico!
604 1047 697 1096 Londini)
713 1049 776 1086 conti-

101 1125 148 1154 nent
163 1117 309 1166 quamplurima
326 1123 417 1166 excerpta
434 1130 445 1155 e
462 1118 516 1155 libris
537 1122 648 1155 nostratum
668 1117 688 1155 in
705 1117 775 1155 biblio-

100 1185 163 1224 thecis
181 1197 250 1224 eorum
271 1192 407 1225 conventuum
428 1187 514 1224 collectis
532 1197 583 1235 quos
601 1183 644 1224 tum
664 1186 684 1224 in
703 1186 775 1236 Anglia

100 1263 143 1293 turn
156 1255 176 1293 in
189 1255 256 1303 Gallia,
270 1255 337 1305 Belgio
349 1260 368 1292 et
380 1256 482 1294 Hollandia
494 1255 613 1308 visitaverat.
629 1256 656 1293 Ex
668 1255 698 1293 his
709 1256 776 1293 confe-

100 1323 125 1361 cit
153 1324 250 1373 duplicem
268 1325 381 1374 catalogum
409 1324 496 1362 virorum
525 1324 631 1362 illustrium
654 1330 673 1361 et
694 1336 775 1373 praeser-

99 1392 135 1430 tim
145 1399 248 1430 auctorum
261 1393 341 1432 Ordinis
353 1393 386 1442 qui
399 1398 452 1432 extat
463 1394 482 1431 in

100 1462 121 1500 C.
131 1462 172 1500 MS.
186 1463 255 1512 Harley
264 1465 316 1513 3838
330 1462 359 1514 (in
371 1464 447 1502 Musaeo
459 1463 576 1507 Britannico,
590 1463 688 1515 Londini)‚
702 1474 774 1511 nempe

99 1542 168 1569 eorum
181 1530 214 1581 qui
231 1537 276 1570 ante
293 1537 424 1582 recuperatam
438 1544 471 1581 per
482 1533 592 1571 Cruciieros
605 1533 727 1571 Palaestinam
739 1532 775 1570 sso-

101 1605 183 1638 ruerunt
192 1602 200 1648 (
209 1602 284 1639 «trium
296 1602 463 1640 hebdomadarum
474 1614 525 1651 opus
534 1614 545 1640 »
554 1601 569 1653 )1
580 1607 600 1640 et
609 1614 678 1640 eorum
688 1602 722 1650 qui
730 1607 775 1651 post

101 1670 154 1707 hunc
173 1675 266 1708 eventum
285 1671 389 1720 usquead
407 1671 480 1709 suimet
496 1676 576 1720 tempus
593 1670 774 1714 elucubrationibus

100 1739 142 1777 suis
149 1739 244 1777 Ordinem
251 1747 372 1780 ornaverunt
379 1742 387 1789 (
395 1740 502 1789 «quinque
511 1741 679 1779 hebdomadarum
687 1752 737 1790 opus
744 1739 773 1791 1)),

101 1809 120 1846 ln
132 1809 202 1846 eodem
215 1810 317 1848 volumine
329 1810 418 1848 invenies
430 1810 487 1847 etiam
500 1810 572 1848 librum
587 1810 694 1859 siligineum
709 1810 774 1848 Helia-

28 1919 31 1925 ,
99 1879 132 1916 des
143 1877 267 1926 inscriptum,
281 1879 294 1917 i.
309 1891 326 1917 e.
339 1879 441 1917 historiam
455 1879 561 1928 provinciae
573 1874 651 1929 Angliae
660 1884 679 1916 et
691 1879 775 1929 scripto-

99 1959 143 1985 rum
156 1948 235 1993 seriem,
248 1949 310 1987 aliena
322 1949 403 1997 quidem
416 1960 476 1987 manu
488 1953 588 1987 exaratum
603 1949 637 1987 sed
649 1948 774 1987 correctioni-

100 2017 137 2054 bus
149 2017 174 2054 ab
184 2018 271 2066 ipsomet
284 2024 373 2058 auctum.
386 2018 444 2056 Plura
454 2019 513 2068 hujus
530 2019 595 2067 operis
610 2018 650 2056 vidi
661 2019 774 2068 apographa

101 2090 144 2124 tum
157 2086 176 2124 in
190 2088 310 2135 praelaudato
324 2089 399 2127 Musaeo
414 2092 457 2126 turn
472 2088 542 2127 Rornae
553 2088 573 2127 in
588 2087 674 2127 archivio
688 2088 773 2138 generali

100 2155 250 2195 Carmelitarum
265 2157 436 2196 Discalceatorum.

120 2303 149 2346 (1)
162 2303 276 2339 Bibliotheca
294 2306 423 2340 Carmelirana.
439 2306 452 2339 l.
472 2306 511 2349 753.
531 2305 637 2349 Dicrionary
650 2304 671 2339 of
685 2304 772 2339 National

100 2360 211 2407 Biography,
223 2364 255 2405 Ili,
267 2375 296 2408 41·
