1631 2703
314 111 391 141 nuatum
406 111 436 141 XIII
686 110 711 151 43

36 190 94 233 tium,
104 188 150 225 dato
159 187 213 235 quod
224 188 290 228 ,literas
297 187 418 225 dimissorias
428 199 438 223 a
447 186 557 224 suoordine
564 186 660 229 habuerit,
669 186 712 224 sine

36 257 111 297 licentia
120 254 190 306 prioris
208 256 304 305 generalis
315 257 365 303 (Fol.
379 257 422 306 13a)
434 256 464 294 vel
477 255 556 305 capituli
568 255 664 305 generalis
676 267 712 293 seu

37 326 161 377 provincialis
183 326 261 375 capituli
279 326 354 363 ordinis
372 326 441 370 nostri,
457 330 495 362 tarn
514 325 630 373 recipientes
651 336 711 373 quam

36 396 182 438 consentientes
192 407 251 445 poena
263 395 358 445 gravioris
370 396 433 444 culpae
446 406 479 443 per
492 394 521 432 XL
533 395 575 433 dies
595 385 709 443 puniantur.

36 479 54 517 3.
65 464 104 509 Qii
115 468 180 501 autem
194 465 306 513 professum
319 463 428 502 eorundem
440 463 541 508 ordinum,
553 474 593 501 non
604 463 710 502 habentem

36 534 163 578 dimissorias,
183 534 267 572 scienter
279 534 379 582 receperit,
402 532 464 571 eidem
483 544 548 581 poenae
567 532 676 581 subjacebit
693 537 712 571 et

36 603 90 641 omni
105 602 218 651 praelatione
229 608 248 640 et
259 614 305 640 cura
326 602 437 640 animarum
458 602 501 651 ipso
515 603 565 640 lacto
577 602 603 640 sit
615 602 709 651 privatus,

36 673 98 710 donec
109 683 154 710 cum
166 671 209 720 ipso
222 682 256 721 per
264 670 373 710 Dominum
384 675 475 709 nostrum
484 682 587 710 summum
596 671 710 720 pontificem

36 740 93 779 fuerit
110 741 247 788 dispensatum
268 745 287 778 et
309 740 337 779 sic
360 745 449 789 receptus
467 740 491 778 ab
510 739 578 778 ordine
595 741 710 789 expellatur.

37 822 55 858 4.
63 809 102 855 Qri
110 821 156 848 vero
167 810 272 848 habentem
282 810 395 848 membrum
406 808 518 848 mutilatum
526 814 559 848 aut
565 809 711 848 deformitatem

36 880 121 928 aliquam
142 879 247 917 habentem
265 878 285 917 in
303 891 384 929 corpore
402 883 537 929 apparentem,
559 890 593 918 seu
613 884 711 917 carentem

37 961 74 988 usu
84 952 118 987 aut
133 960 193 987 sensu
219 948 302 999 aliqu‘us
314 949 406 994 membri,
419 950 450 987 vel
470 955 586 998 suspectum
605 949 629 986 de
647 948 712 997 aliqua

36 1019 105 1064 heresi,
120 1030 155 1057 seu
166 1018 191 1056 de
200 1018 245 1057 Fide
257 1017 358 1066 catholica,
372 1019 402 1057 vel
415 1019 473 1056 etiam
488 1019 573 1067 aliquem
586 1019 691 1068 expulsum
702 1031 713 1056 a

37 1093 104 1127 nostro
114 1089 145 1127 vel
157 1089 181 1127 ab
188 1088 226 1134 alio
239 1088 307 1127 ordine
319 1100 355 1137 pro
367 1100 495 1138 quocumque
507 1088 562 1133 vitio,
581 1089 666 1127 scienter
675 1100 704 1126 re-

37 1158 114 1208 ceperit,
128 1169 188 1207 poena
199 1157 293 1208 gravioris
303 1160 365 1207 culpae
377 1170 411 1207 per
423 1158 439 1196 X
451 1158 493 1196 dies
504 1164 545 1196 tarn
563 1157 605 1207 ipse
617 1158 712 1214 recipiens

37 1240 96 1277 quam
108 1238 213 1266 assensum
225 1228 336 1277 praebentes
355 1228 470 1277 puniantur,
486 1233 506 1267 et
523 1232 614 1277 receptus
626 1229 711 1277 expella-

37 1303 75 1341 tur.
87 1309 105 1347 5.
118 1298 164 1335 Item
177 1297 284 1336 statuimus
297 1297 352 1346 quod
360 1298 433 1341 nullus
451 1297 549 1336 saecularis
561 1296 652 1336 infirmus
665 1297 713 1335 reci-

37 1368 100 1416 piatur
108 1367 127 1410 ln
137 1368 223 1411 tratrem,
239 1367 276 1405 nIsi
286 1367 422 1415 perseverandi
432 1368 451 1405 ln
462 1367 530 1406 ordine
541 1372 610 1406 nostro
623 1366 713 1405 habuerit

36 1438 166 1475 voluntatem.
176 1437 223 1481 Item
234 1437 301 1475 nullus
310 1436 392 1475 clericus
405 1436 507 1486 recipiatur
516 1438 540 1475 ad
552 1436 641 1475 habitum
654 1436 713 1481 Ordif

37 1507 66 1546 nis
76 1507 113 1545 nisi
123 1506 248 1556 probabiliter
260 1507 363 1555 litteratus,
377 1508 407 1545 vel
420 1506 439 1545 in
448 1506 512 1545 officio
521 1507 650 1546 ecclesiastico
660 1507 713 1545 suffr-

37 1576 109 1615 clenter
117 1577 233 1620 instructus,
243 1576 292 1614 etad
300 1577 420 1615 cantandum
430 1582 449 1614 et
458 1577 564 1626 legendum
576 1582 634 1626 aptus
644 1582 662 1615 et
671 1577 712 1615 ido·

38 1657 87 1684 neus
99 1646 158 1684 luerit
167 1646 267 1684 inventus.

48 1753 50 1756 .
63 1714 82 1754 ὁ.
92 1716 162 1754 Nullus
171 1716 230 1753 etiarn
239 1715 299 1753 laicus
311 1715 413 1764 recipiatur
426 1715 463 1754 nisi
473 1728 483 1753 a
493 1715 557 1764 priore
568 1716 655 1765 generali
664 1717 712 1754 vela

38 1786 101 1833 priore
113 1785 232 1834 provinciali,
253 1785 287 1834 qui
299 1775 357 1823 laicos
370 1790 463 1834 poterunt
473 1785 556 1834 recipere
568 1786 587 1823 in
600 1787 669 1824 tratres
681 1787 711 1825 vel

37 1854 162 1900 semifratres,
177 1861 236 1904 prout
245 1855 282 1893 sibi
291 1855 356 1893 visum
367 1855 425 1893 luerit
445 1855 542 1904 expedire.
553 1856 634 1894 Nullum
643 1861 710 1894 tamen

38 1924 131 1973 recipiant
145 1924 183 1962 nIsi
201 1924 220 1961 in
233 1930 273 1962 arte
288 1926 387 1962 mecanIca
402 1924 465 1963 ordini
478 1929 547 1963 nostro
565 1925 674 1963 necessaria
686 1925 712 1964 sit

38 1994 153 2032 exercitatus
169 1998 188 2032 et
204 1994 320 2041 instructus,
339 1993 376 2033 nisi
393 1995 490 2033 damnum
505 1994 617 2033 inevitabile
631 1995 686 2044 ipsos
701 2008 712 2033 a

38 2064 148 2114 receptione
156 2065 235 2102 illorum
248 2065 317 2103 merito
327 2065 390 2103 valeat
401 2071 499 2103 excusare.
513 2075 532 2113 7.
547 2066 593 2103 Item
606 2067 673 2103 nullus
687 2067 712 2104 ad

38 2133 154 2189 novitiatuni
167 2135 197 2172 vel
208 2135 231 2172 ad
243 2134 387 2183 professionem
399 2134 520 2179 admittatur,
531 2134 568 2172 nisi
580 2147 590 2173 a
603 2135 667 2184 priore
678 2148 712 2186 ge-

38 2204 96 2241 nerali
107 2205 137 2241 vel
149 2204 269 2253 provinciali,
283 2205 313 2242 vel
328 2205 352 2242 ab
362 2216 385 2242 eo
401 2204 432 2243 cui
444 2205 497 2253 prior
514 2205 610 2253 generalis
619 2206 651 2243 vel
666 2217 711 2254 pro-

37 2272 122 2311 vincialis
132 2285 191 2323 super
206 2274 244 2312 hoc
258 2274 355 2313 licentiam
363 2274 469 2313 decreverit
482 2274 636 2313 concedendam.
647 2276 669 2313 Et
679 2276 711 2314 ille

37 2341 102 2381 habita
111 2343 187 2381 licentia
198 2344 321 2393 hujusmodi,
333 2344 370 2382 nisi
382 2344 406 2382 de
413 2355 512 2383 consensu
525 2344 604 2391 majoris
615 2349 635 2382 et
646 2345 712 2383 sanio-

38 2410 135 2460 rls'partis
152 2418 270 2458 conventus,
290 2414 313 2452 ad
326 2414 443 2452 novitiatum
458 2416 489 2452 vel
506 2416 651 2465 prolessIonem
669 2426 709 2454 non
