1631 2703
309 150 391 181 non-arca
405 149 450 180 xxm
692 140 716 192 67

43 226 152 277 recipienda
165 226 265 276 recipiant,
278 231 298 266 et
309 226 438 276 expendenda
447 225 566 276 expendant,
580 229 599 264 et
608 227 718 266 mutuanda

43 301 142 341 mutuent,
156 301 175 334 et
184 297 277 334 solvenda
287 297 371 343 solvant,
381 301 401 335 et
410 286 527 345 exponenda
535 301 642 345 exponant,
653 301 672 334 et
681 297 718 334 alia

1 387 2 390 =
43 366 114 406 faciant
125 371 144 404 et
156 366 249 404 ordinent
266 378 311 404 curn
324 365 395 416 priore,
409 377 454 415 quae
465 365 489 403 ad
505 364 595 415 regimen
612 366 685 405 domus
699 371 718 404 et

1 464 4 468 ›
44 434 153 475 custodiam
176 436 276 474 bonorum
301 435 441 475 communium
459 435 592 474 dinoscuntur
612 435 717 485 pertinere.

43 519 62 545 2.
73 504 188 544 lnhibemus
200 510 266 544 autem
279 517 303 543 ne
315 502 368 556 prior
380 504 446 543 localis
458 505 488 542 vel
500 504 593 554 subprior
604 506 635 543 vel
647 505 718 555 aliquis

44 575 102 614 trium
115 575 221 613 custodum
234 575 308 624 aliquid
322 574 403 613 nomine
415 573 564 613 communitatis
577 573 655 624 recipiat
669 574 718 613 intra

5 665 8 678 2
45 649 98 693 septa
112 644 155 689 loci,
166 645 197 682 vel
207 645 290 690 ordinet,
301 645 332 682 vel
344 644 449 693 expendat,
466 643 503 681 nisi
515 643 555 681 duo
569 644 662 683 custodes
672 656 720 683 con-

3 699 5 740 ᾗ
43 716 157 765 jungantur,
168 715 198 752 vel
210 713 263 763 prior
271 718 305 752 aut
314 713 407 763 subprior
418 712 515 751 associato
528 712 564 751 sibi
576 713 636 752 altero
649 725 720 752 eorun-

5 794 9 817 ἰ
44 785 96 822 dem.
107 783 126 821 Si
141 788 207 822 autern
216 785 283 822 nullus
295 784 402 822 custodum
412 783 478 821 baberi
487 782 558 831 poterit
567 782 648 832 accipiat
659 783 719 822 alium

45 855 122 892 fratrem
135 853 159 891 de
174 858 274 892 conventu
288 853 326 891 fide
336 853 427 903 dignum,
443 864 479 890 nec
490 851 564 901 aliquid
576 853 674 901 expendat
686 858 721 892 aut

6 909 10 939 ξ
46 923 116 962 alienet
125 923 148 961 de
159 923 247 973 receptis,
261 923 298 962 sub
308 934 366 973 poena
375 921 547 972 proprietariorum
560 922 672 972 infligenda,
683 922 720 962 nisi

2 982 6 1048 J
46 993 94 1031 intra
100 992 185 1032 biduum
196 994 233 1031 boc
241 993 359 1032 custodibus
365 993 395 1031 vel
403 991 511 1031 conventui
520 992 640 1031 manifestet.
650 1005 670 1045 3.
680 993 721 1032 Vo-

1 1048 9 1094 J'
45 1064 112 1101 lumus
124 1068 190 1101 autem
204 1064 258 1112 quod
268 1063 342 1112 priores
354 1063 425 1100 locales
434 1062 458 1100 de
467 1061 557 1111 capitulis
565 1062 720 1111 provincialibus

2 1127 10 1179 J
46 1133 149 1171 redeuntes
158 1133 188 1171 vel
201 1133 221 1170 in
234 1132 275 1171 suis
287 1132 418 1171 conventibus
431 1131 454 1169 de
466 1142 518 1169 novo
530 1130 615 1169 instituti
627 1132 720 1170 officiales

2 1190 9 1249 J
46 1207 157 1241 conventus
169 1203 193 1241 de
205 1214 258 1241 novo
270 1202 316 1252 eligi
328 1202 398 1240 iaciant
410 1202 440 1239 vel
450 1200 569 1245 confirmari,
583 1205 602 1239 et
611 1213 646 1240 eos
655 1202 721 1241 absol-

46 1284 90 1311 vere
99 1272 177 1322 possint
188 1277 268 1322 propter
277 1284 311 1311 sua
322 1262 415 1310 demerita
425 1271 456 1310 vel
469 1270 485 1309 si
494 1270 541 1308 alias
551 1269 630 1310 inutiles
639 1272 719 1317 tuerint,

47 1343 126 1391 quando
138 1342 175 1381 sibi
187 1342 285 1381 videbitur
298 1342 396 1392 expedire.

73 1423 92 1460 4.
106 1413 153 1451 ltem
172 1412 278 1451 statuimus
296 1412 350 1463 quod
361 1412 483 1461 quicumque
497 1413 555 1450 frater
567 1411 641 1451 ordinis
659 1411 721 1451 nostri

4 1475 10 1516 '7'
47 1487 163 1532 assumptus
178 1482 236 1522 suerit
246 1483 271 1520 ad
283 1482 370 1520 officium
383 1482 522 1532 poenitentiarii
531 1482 611 1520 Domini
621 1483 678 1532 Papae
687 1488 722 1521 aut

6 1554 8 1559 '
47 1552 182 1602 episcopatum
195 1564 351 1602 quemcumque,
368 1551 409 1590 sive
418 1552 443 1590 ad
455 1552 598 1601 quodcumque
607 1552 659 1590 aliud
668 1557 722 1591 extra

1 1633 8 1664 ρ
48 1622 122 1660 ordinis
132 1622 272 1668 obedientiam,
283 1634 305 1660 eo
318 1622 361 1672 ipso
373 1622 398 1660 ab
410 1622 465 1660 omni
475 1621 539 1660 officio
549 1621 604 1671 quod
612 1621 662 1661 intra
671 1623 723 1661 ordi-

48 1703 93 1730 nem
106 1693 185 1731 tenebat
196 1692 221 1731 sit
235 1692 345 1730 absolutus.

6 1822 8 1875 J
62 1821 123 1860 Runa.
139 1822 200 1860 XXlll.
216 1822 244 1859 Da
255 1830 350 1875 cranous
358 1831 382 1859 er
390 1831 447 1860 paruo
459 1831 482 1858 na
494 1820 592 1859 Camruuo
603 1819 708 1861 Gavenatr.

8 1989 10 1993 Ι
79 1949 95 1976 1.
109 1938 187 1977 Omnes
201 1938 277 1988 priores
289 1938 419 1988 provinciales
432 1942 451 1975 et
465 1937 529 1976 vicarii
545 1937 675 1987 provinciales
689 1950 724 1988 per

51 2008 170 2056 provinciale
181 2009 288 2058 capitulum
301 2008 363 2056 electi,
378 2007 462 2046 mortuis
474 2019 509 2045 seu
519 2007 615 2045 absolutis
627 2008 725 2058 provinci-

4 2092 5 2095 ¹
50 2077 119 2123 alibus,
134 2080 165 2117 vel
176 2079 292 2128 assumptis,
303 2078 384 2117 veniant
392 2078 416 2115 ad
426 2077 534 2126 capitulum
543 2079 640 2127 generale,
651 2079 724 2128 singuli

2 2175 9 2199 ¹.
50 2157 95 2184 curn
108 2148 188 2187 duobus
201 2148 259 2186 sociis
271 2148 291 2186 in
303 2148 345 2186 suis
356 2147 445 2196 capitulis
458 2147 610 2196 provincialibus
619 2148 655 2185 rite
667 2153 686 2186 et
695 2160 726 2187 ca-

5 2207 9 2268 ⁴.
51 2216 120 2254 nonice
132 2218 205 2264 electis,
221 2218 255 2267 qui
273 2219 354 2255 fratrum
370 2217 462 2255 omnium
477 2228 546 2254 vocem
567 2221 585 2254 et
599 2218 724 2256 autoritatem

8 2287 12 2334 ᾗ
51 2284 135 2324 habeant
147 2287 171 2325 ad
188 2299 209 2325 ea
221 2298 267 2335 quae
279 2287 299 2325 in
311 2286 396 2336 capitulo
414 2286 499 2336 generali
519 2290 567 2324 sunt
577 2287 659 2335 agenda,
674 2292 726 2325 tam-

52 2364 111 2401 quarm
124 2355 139 2393 si
157 2368 228 2395 omnes
245 2351 372 2405 personaliter
386 2356 511 2394 interessent.
527 2366 547 2392 2.
562 2356 654 2400 Quorum
666 2356 724 2395 etiam

11 2470 12 2476 ¹
53 2423 113 2462 trium
125 2436 179 2465 unus
198 2425 219 2464 in
235 2426 320 2476 capitulo
332 2425 445 2476 provinciali
465 2425 549 2474 eligatur
560 2424 580 2462 in
598 2425 725 2465 diffinitorem
