1616 2703
249 67 273 96 pe
290 63 349 96 aleno
366 64 468 96 scapulam
659 51 702 105 3'25‘

21 148 40 181 et
52 141 136 181 habendi
154 142 175 181 in
194 141 251 180 dictis
263 142 311 181 locis
323 141 404 180 liberam
424 140 546 191 sepulturam
565 143 647 180 fratrum
667 140 698 180 sui

20 211 101 251 Ordinis
112 212 140 250 eis
150 211 283 250 favorabiliter
294 211 436 250 concedebant.
447 223 460 250 a>

45 281 138 331 Sequenti
147 281 232 331 capitulo
241 281 337 321 Sanvicus
349 280 406 319 refert
416 280 497 330 qualiter
508 280 528 319 S.
545 280 657 320 ludovicus
667 279 695 332 (a.

23 355 82 401 1254)
101 353 208 401 naufragus
228 356 318 390 montem
329 339 418 389 'Carmeli
433 351 502 388 adierit
518 349 549 401 (r)
564 351 651 400 indeque
662 361 697 389 sex

19 422 89 459 fratres
103 431 170 459 secum
182 421 265 459 Parisios
274 420 357 459 duxerit.
368 420 442 458 Deinde
452 420 521 458 addit:

48 501 60 527 a
72 490 145 528 Videns
155 490 220 539 itaque
230 490 319 529 diabolus
337 490 391 538 quod
400 495 474 538 quanto
495 490 539 538 plus
551 488 698 538 multiplicatio-

21 571 67 597 nem
80 560 140 609 hujus
154 559 255 609 religionis
272 559 368 608 impedire
379 559 493 602 conabatur,
509 563 565 597 tanto
579 559 643 608 magis
654 558 697 607 ipsa

20 630 40 667 in
53 629 136 667 diversis
155 630 225 667 mundi
245 629 360 678 regionibus
378 628 552 678 multiplicabatur,
565 627 652 667 saeviens.
666 628 699 665 ille.
718 649 725 667 ·,

20 697 83 737 acrius
94 698 189 737 adversus
209 709 252 736 eam
265 697 370 736 concitavit
392 698 463 736 fortius
486 702 572 736 rectores
583 695 603 735 et
618 702 697 736 curatos

20 767 160 817 parochialium
172 767 296 805 ecclesiarum
303 764 372 805 contra
381 767 452 816 ipsam.
466 767 531 816 Aliqui
541 767 594 805 enim
606 778 631 805 ex
639 766 696 805 dictis

20 837 92 875 curatis
113 847 153 875 non
168 837 308 886 permittebant
326 837 380 885 quod
392 836 412 874 in
427 847 496 875 eorum
516 835 614 885 parochiis
627 832 697 874 fratres

19 906 137 944 aedificarent
147 905 248 944 ecclesiam
258 917 294 944 nec
306 906 401 944 haberent
409 916 533 954 campanam,
547 916 611 954 neque
622 915 697 943 coeme·

20 975 91 1014 terium
103 976 128 1013 ad
140 984 191 1024 opus
201 974 298 1023 ipsorum.
308 974 346 1013 Alii
354 979 421 1013 autem
433 986 457 1013 ex
466 975 539 1013 curatis
549 974 582 1023 qui
594 974 696 1023 praemissa

21 1054 61 1082 non
73 1048 164 1093 poterant
173 1044 267 1082 fratribus
278 1049 351 1088 vetare,
367 1043 473 1093 exigebant
484 1044 508 1082 ab
518 1044 546 1081 eis
563 1049 583 1082 et
591 1044 615 1081 ab
626 1054 699 1081 eorum

21 1112 146 1152 monasteriis
158 1113 263 1151 servitutes
277 1124 348 1163 graves
360 1118 379 1150 et
390 1113 564 1162 insupportabiles,
578 1124 628 1161 quas
637 1124 697 1150 num-

21 1194 80 1232 quam
90 1184 158 1220 fratres
169 1182 189 1220 in
199 1182 319 1220 monasterio
332 1181 406 1220 Montis
417 1182 501 1220 Carmeli
511 1193 547 1219 nec
555 1182 613 1220 etiam
621 1182 641 1220 in
653 1180 695 1220 aliis

21 1252 85 1290 Terrae
95 1251 172 1290 Sanctae
184 1251 309 1289 monasteriis
321 1248 465 1289 consueverant
477 1250 576 1289 exhibere.
596 1250 647 1289 Cum
658 1251 697 1288 fra-v

20 1325 60 1359 tres
69 1321 93 1359 ad
102 1320 195 1358 dominos
210 1318 333 1358 dioecesanos
346 1325 474 1365 recurrerent,
487 1325 510 1358 ut
518 1331 529 1357 a
538 1320 637 1368 praedictis
652 1330 696 1368 gra-

20 1389 132 1427 vaminibus
144 1393 222 1427 curatos
233 1394 415 1438 compescerem-e
433 1387 500 1427 contra
508 1390 578 1438 plures
589 1388 696 1427 dioecesani

21 1462 96 1507 partem
111 1464 210 1496 rectorum
221 1458 313 1496 foventes
329 1458 425 1506 quasdam
443 1457 561 1507 sophisticas
573 1457 658 1495 rationes
669 1457 697 1494 al-⁴

20 1527 119 1576 legarant,
129 1527 202 1575 quibus
211 1531 290 1565 curatos
300 1527 373 1565 ducere
383 1537 462 1565 causam
472 1527 546 1576 justam
556 1527 652 1565 adversus
657 1527 695 1563 fra-

20 1602 60 1635 tres
68 1595 189 1635 asserebant.
694 1603 696 1605 ’

48 1675 60 1703 <r
74 1665 168 1704 Videntes
174 1675 225 1714 ergo
236 1666 306 1703 fratres
323 1666 378 1713 quod
398 1675 458 1715 super
473 1664 582 1714 praemissis
591 1663 631 1703 non
641 1664 697 1714 pote-

21 1738 65 1772 rant
78 1746 124 1773 cum
140 1734 226 1784 praelatis
244 1735 333 1773 favorem
345 1734 440 1780 invenire,
451 1733 555 1785 Virginem
572 1733 654 1773 Mariam
664 1746 697 1772 e0-.

22 1814 65 1841 rum
83 1808 187 1853 patronam
206 1802 307 1842 humiliter
325 1803 486 1853 deprecabantur,
504 1808 526 1842 ut
538 1815 584 1852 quae
599 1804 655 1852 ipsos
673 1804 698 1841 ad

21 1872 111 1922 regiones
127 1872 169 1911 illas
182 1873 283 1921 pervenire
293 1874 383 1911 fecerata
395 1873 503 1922 praemissis
521 1872 622 1911 diabolicis
633 1877 697 1911 tenta-

20 1941 109 1980 tionibus
120 1953 155 1980 eos
164 1941 252 1990 eriperet.
266 1942 327 1991 Virgo
342 1941 408 1991 itaque
420 1941 478 1980 Maria
491 1942 550 1991 priori
562 1953 630 1980 eorum
646 1953 698 1979 reve-

21 2010 67 2049 lavit
78 2011 100 2049 ut
108 2010 135 2048 ad
142 2010 246 2050 summum
255 2010 370 2060 pontificem
376 2011 513 2050 Innocentium
522 2009 620 2060 intrepide
626 2012 696 2056 fratres

22 2079 52 2118 sui
70 2079 197 2128 accederent3
216 2080 262 2129 qula
274 2080 298 2118 ab
310 2091 333 2118 eo
345 2080 423 2119 salubre
441 2080 551 2119 remedium
563 2085 632 2119 contra
649 2079 698 2129 prae·

22 2148 82 2187 missa
93 2149 208 2199 gravamina
220 2154 349 2199 reportarent.
370 2149 402 2188 Ad
423 2150 490 2200 ipsum
507 2149 556 2199 ergo
573 2155 621 2188 tunc
638 2148 697 2188 Peruss

21 2217 43 2256 sil
51 2224 209 2257 commorantem
222 2219 343 2263 accedentes,
357 2220 425 2258 fratres
434 2218 472 2269 ipsi
484 2223 620 2269 exposuerunt
628 2229 697 2269 grava-

43 2360 64 2404 (ι)
74 2361 133 2404 Supra
143 2362 164 2395 P.
172 2361 211 2394 282.
