1616 2703
108 65 149 104 250
218 101 221 105 ι
357 65 409 93 earn
421 58 536 94 'cavatoque

106 151 151 178 nem
170 139 221 178 miro
238 140 317 190 eulogio
329 140 446 190 impetravit.
462 140 532 190 Sicque
543 139 624 179 tandem
637 139 745 179 virtutibus
761 134 780 179 et

106 210 209 248 sanctitate
219 210 303 248 decorus
313 215 358 258 post
367 210 468 249 molestias
480 215 499 248 et
508 211 584 248 labores
594 210 642 249 obiit
654 211 679 249 A.
692 210 715 248 D.
730 220 780 261 1294

104 279 123 318 in
137 279 252 318 Coloniensi
264 280 348 317 carmelo
361 281 458 328 sepultus.

136 360 166 388 10.
181 349 312 398 Raymundus
323 349 347 386 de
358 348 519 388 lnsulaTholosae
528 349 592 387 vicina
604 349 710 398 provinciae
720 348 781 398 Aqui-

105 418 171 461 taniae,
181 418 214 467 qui
227 418 297 467 etipse
309 430 372 457 sacrae·
380 419 486 467 theologiae
497 420 558 457 lector
570 423 629 468 atque
651 419 732 457 tandem
744 419 779 456 do-

104 492 147 526 ctor
159 488 291 531 Tholosanus,
303 489 327 526 Α,
338 488 362 533 l),
379 499 427 539 1294
439 488 552 537 Burdegalae
561 487 743 536 incapitulototius
752 489 780 525 la-

105 557 164 595 miliae
176 557 265 606 regimen
278 558 372 606 suscepit.
385 557 447 596 Totus
455 557 534 607 jejuniis
548 558 667 606 lectionique
679 568 778 596 sacrarum

105 626 249 675 Scripturarum
261 626 352 664 addictus
369 626 443 675 oppido
455 627 546 675 praeclare
563 631 622 676 atque
637 631 703 664 sancte
720 626 780 664 trien-

105 697 161 734 nium
171 695 287 744 praesidehat
296 695 371 733 Ordini.
382 695 462 744 Scripsit
471 700 493 734 ut
500 697 559 734 fertur
568 696 588 733 in
595 695 713 739 Sententias,
732 707 780 734 con-

105 765 171 803 ciones
179 765 203 802 ad
213 766 287 802 clerum
299 769 319 802 et
328 765 433 813 populum,
442 769 502 814 atque
511 764 531 803 in
540 765 639 814 theologia
649 765 778 814 quaestiones.

104 834 178 872 Verum
191 834 248 872 anxia
264 834 346 872 fratrum
362 845 407 871 cura
420 834 469 872 torte
481 835 577 879 offensus,
595 840 628 873 aut
640 834 713 879 verius,
729 834 780 872 arbi-

104 908 152 950 tror,
166 914 245 942 secessu
260 902 406 952 solitudineque
418 903 526 942 delectatus
542 915 581 952 quo
594 904 679 952 quietius
693 903 779 941 Domino

105 973 211 1011 deserviret
228 972 375 1022 hominumque
392 973 470 1011 laudem
483 973 587 1011 declinaret
601 973 621 1011 in
634 972 718 1022 capitulo
733 973 780 1011 Bru·

105 1043 162 1092 gensi
175 1043 199 1080 Α.
215 1043 239 1080 D.
253 1054 302 1093 1297
315 1054 396 1080 munere
408 1042 462 1091 quod
477 1044 581 1091 hucusque
592 1042 677 1081 fideliter
696 1042 780 1080 admini-

104 1117 199 1151 straverat
216 1113 267 1151 ultro
284 1123 304 1150 se
322 1111 416 1150 destituit.
436 1112 532 1161 Arupium
550 1111 620 1150 mundi
633 1111 736 1150 circuitum
744 1112 781 1149 lin-

105 1194 170 1231 quens
185 1193 286 1232 parvoque
297 1182 378 1231 tugurio
391 1183 469 1221 clausus
481 1181 573 1220 Tholosae
590 1181 722 1220 anachoritam
736 1193 781 1231 pro-

105 1253 171 1290 tessus
183 1256 219 1289 est.
234 1251 271 1288 Ubi
283 1251 381 1299 reliquum
394 1251 439 1288 vitae
448 1262 510 1301 agens
525 1257 544 1289 et
559 1251 654 1289 virtutum
667 1251 779 1289 accessibus

105 1322 183 1370 pollens
195 1321 275 1359 tandem
286 1325 354 1359 sancto
364 1322 466 1359 conlectus
478 1321 533 1359 senio
543 1321 635 1370 spiritum
648 1320 752 1360 exhalavit.

135 1402 164 1428 tt.
178 1391 276 1429 Gerardus
285 1390 308 1427 de
321 1390 414 1435 Bononia,
426 1390 494 1428 italicae
502 1391 594 1435 nationis,
605 1390 673 1428 doctor
685 1390 781 1428 Parisien-

104 1460 131 1498 sis
143 1471 183 1498 non
193 1460 287 1508 vulgaris,
301 1462 330 1497 vir
342 1471 382 1497 non
396 1460 463 1498 minus
477 1460 589 1510 integritate
600 1459 645 1498 vitae
658 1471 718 1509 quam
731 1459 781 1497 litte-

105 1541 170 1568 rarum
182 1530 249 1579 peritia
262 1529 344 1578 insignis
356 1530 381 1568 A.
394 1530 417 1567 l).
431 1541 479 1580 1297
491 1529 560 1579 Brugis
572 1529 591 1567 in
601 1529 689 1567 Flandria
699 1531 781 1568 erfectus

105 1605 135 1638 est
151 1599 246 1648 generalis
259 1599 339 1636 Ordinis
352 1599 446 1648 magister
458 1611 492 1648 per
504 1599 575 1648 vigInti
593 1611 656 1637 annos
668 1599 781 1637 Carmelita-

106 1680 137 1706 nae
147 1668 221 1706 militiae
233 1668 273 1706 dux
282 1673 301 1705 et
313 1668 387 1717 auriga.
400 1669 416 1706 ls
427 1670 507 1706 fratrum
520 1668 598 1706 animos
608 1669 632 1706 ad
644 1668 732 1706 scientiae
741 1668 781 1718 pie-

106 1738 191 1787 tatisque
210 1738 275 1776 studia
291 1737 385 1776 incitavit.
405 1738 467 1776 Tenui
488 1749 562 1776 mensae
580 1744 672 1787 apparatu
690 1738 781 1776 coenobia

107 1819 153 1855 quae
170 1808 240 1845 viserat
253 1818 384 1854 expensarum
406 1807 520 1856 profusione
538 1807 619 1854 levabat,
642 1808 667 1845 ita
678 1812 746 1845 tamen
760 1812 781 1845 ut

107 1887 181 1914 mensae
198 1875 301 1924 penuriam
317 1876 336 1913 in
355 1887 450 1925 pauperes
466 1876 538 1914 Christi
553 1877 702 1914 commendaret
718 1877 781 1915 abun-

106 1946 179 1984 dantia.
198 1946 254 1983 Extra
270 1945 382 1984 reiectionis
398 1946 466 1984 horam
485 1946 575 1993 orationi,
589 1946 673 1991 lectioni,
694 1946 782 1995 disputa-

105 2015 154 2053 tioni
167 2020 186 2053 et
195 2015 259 2053 causis
272 2014 351 2053 Ordinis
364 2015 492 2052 discutiendis
505 2015 573 2053 sedulo
583 2016 670 2054 vacabat.
684 2016 723 2054 Nec
734 2016 782 2053 alio-

106 2096 150 2123 rum
161 2084 259 2133 quispiam
267 2084 336 2122 Ordini
350 2085 443 2138 majorem
454 2085 518 2122 attulit
526 2086 629 2129 honorem,
640 2085 689 2123 adeo
699 2090 721 2123 ut
730 2086 781 2134 apud

106 2154 220 2193 Romanum
239 2154 355 2203 pontificem
371 2153 477 2203 privilegiis
490 2159 508 2204 et
520 2153 647 2204 indulgentiis
659 2154 782 2203 acquirendis

107 2223 155 2261 nihil
168 2234 207 2261 non
219 2223 290 2272 potuit.
302 2223 340 2261 Sed
352 2223 431 2261 tandem
444 2224 498 2261 alteri
510 2222 652 2274 (intercedente
664 2224 735 2275 morte)
744 2225 782 2262 cla-

107 2304 154 2330 vum
162 2292 245 2331 cessitet
252 2292 342 2341 spiritum
353 2293 394 2330 Deo
401 2297 479 2342 gratum
488 2292 507 2330 in
516 2292 619 2331 Avenione
628 2292 716 2341 reddidit,
723 2303 779 2343 1317.

138 2373 167 2402 12.
180 2362 245 2401 Guido
258 2362 281 2401 de
293 2362 414 2414 Pupiniam,
429 2374 501 2416 genere
513 2361 637 2408 Camalatrus,
651 2362 732 2402 celebris
747 2363 781 2403 Pa-
