1631 2703
192 133 253 162 CAPIT.
269 134 337 162 denen.
354 135 408 162 1.·11.
428 124 546 177 1259-1361.
664 136 702 176 209

32 209 97 263 nerali.
111 210 129 246 ln
153 220 193 257 quo
208 209 291 257 capitulo
312 210 365 256 plara
388 211 467 247 fuerunt
487 211 581 253 ordinata,
594 212 702 259 specialiter

33 277 86 326 quod
99 278 245 325 nullus-posset
265 279 328 327 legere
345 278 425 316 Bibllarn
438 279 487 326 (vel)
498 279 608 317 Sententias
621 280 703 318 Parisius

31 345 67 384 nisi
77 347 131 394 prius
140 346 197 384 inerit
209 346 227 384 in
239 347 304 384 studio
317 347 417 395 parisiensi
429 358 463 395 per
475 348 589 392 triennium,
606 353 624 386 et
641 349 703 386 rnulta

32 415 67 453 alia
78 420 107 452 etc
118 413 171 466 (sic).

60 484 118 521 Anno
127 483 205 522 Domini
220 495 269 533 1354
281 484 316 523 luit
330 484 437 533 capitulum
450 487 539 533 generale
551 485 669 523 celebratum
682 485 701 522 in

33 552 130 602 provincia
146 553 263 590 cathaloniae
275 554 293 590 in
306 558 404 591 conventu
414 554 522 601 Perpiniani
535 554 554 591 in
568 555 617 592 testo
633 554 701 591 Pente-

33 626 96 660 costes
108 621 201 670 Magistro
213 621 268 659 Petro
280 622 390 671 Rayrnundi
408 621 472 671 priore
480 622 572 671 generali.
591 622 610 659 ln
623 634 663 670 qno
672 634 703 659 ca-

32 691 93 739 pitnlo
111 691 190 729 luerunt
201 691 256 738 plura
268 690 362 734 ordinata,
376 691 482 739 specialiter
491 691 552 729 divisa
561 696 591 728 est
603 691 702 739 provincia

33 759 151 797 Catlraloniae
163 759 282 807 aprovincia
294 759 399 808 Hispaniae.

59 827 203 866 AnnoDornini
217 839 264 876 1357
275 829 310 865 snit
323 829 430 876 capitulum
443 830 533 877 generale
545 829 663 866 celebratum
683 827 702 864 in

33 896 130 946 provincia
140 897 190 944 (Fol.
201 895 246 947 611)
258 897 349 934 Bononia
365 897 384 934 in
397 902 495 935 conventu
505 897 593 935 Ferrariae
608 897 702 945 Magistro

32 965 87 1002 Petro
99 965 210 1015 Raynrundi
217 965 281 1012 priore
287 965 378 1014 generali.
389 966 408 1002 ln
418 976 458 1012 quo
467 965 552 1013 capitulo
563 966 617 1013 plura
624 966 703 1002 suerunt

32 1033 129 1078 ordinata,
143 1033 250 1081 specialiter
263 1034 317 1082 quod
327 1034 392 1071 nullus
403 1034 643 1081 snperiorcujuscumqne
657 1044 700 1082 grn-

33 1103 70 1140 dus
83 1102 152 1139 existat
158 1101 227 1139 audeat
239 1101 324 1139 encaenia
336 1112 371 1139 seu
388 1103 438 1139 dona
449 1101 533 1150 recipere
545 1101 648 1139 asubditis
660 1101 702 1139 suis

33 1175 63 1207 etc
74 1169 126 1219 (sic).

60 1238 120 1275 Anno
134 1238 212 1275 Domini
232 1240 280 1287 1358
293 1237 329 1275 fuit
347 1238 455 1286 capitulum
472 1239 564 1286 generale
584 1238 701 1275 celebratum

34 1307 146 1355 Bnrdegalae
160 1307 180 1344 in
190 1307 289 1354 provincia
304 1306 415 1354 Aquitaniae
427 1306 460 1344 nbi
474 1307 509 1344 suit
524 1308 597 1344 electus
609 1306 662 1354 prior
672 1318 703 1354 ge-

34 1375 103 1413 neralis
116 1375 278 1421 iraterJolrannes
290 1375 389 1418 ssalisrarii,
403 1375 523 1412 bachalarins
536 1374 566 1425 (1)
581 1375 701 1423 parisiensis,

33 1443 67 1492 qui
79 1444 149 1481 eodem
162 1454 213 1480 anno
226 1445 287 1481 tactus
300 1449 329 1480 est
349 1444 443 1492 magister
460 1443 479 1480 in
500 1443 598 1491 theologia
610 1443 701 1485 Parisins,

32 1518 51 1549 et
60 1511 110 1549 inter
130 1522 200 1558 ornnes
210 1512 300 1549 doctores
313 1511 428 1559 parisienses
443 1522 479 1548 sno
501 1516 588 1559 ternpore
602 1511 701 1548 famosior.

32 1581 51 1617 ln
64 1581 101 1617 noc
111 1580 168 1617 etiam
186 1580 272 1627 capitulo
291 1580 373 1628 plurima
395 1581 474 1617 luerunt
486 1580 581 1622 ordinata,
595 1579 703 1626 specialiter

32 1649 82 1685 facta
91 1653 120 1685 est
132 1647 201 1686 divisio
211 1648 316 1696 provinciae
328 1648 430 1685 Vasconiae
445 1659 455 1683 a
465 1647 564 1695 provincia
584 1647 701 1695 Aquitaniae.

32 1718 95 1754 Frater
104 1721 169 1753 autern
180 1716 248 1753 Petrus
262 1716 390 1765 Raymundus
398 1718 438 1764 iarn
452 1715 569 1763 migraverat
578 1727 587 1751 a
597 1716 669 1752 saeculo
682 1714 701 1751 in

32 1785 99 1821 Monte
106 1784 211 1822 Pessulano
220 1795 273 1821 anno
283 1784 405 1832 praecedenti.

59 1853 117 1890 Anno
126 1852 205 1890 Domini
218 1850 266 1902 1362
278 1852 396 1890 celebratum
409 1851 444 1890 ruit
454 1852 560 1900 capitulum
570 1853 660 1900 generale
671 1862 701 1890 se-

32 1932 102 1970 quens.

85 1990 224 2029 Terminantur
235 1996 290 2029 actus
301 1990 388 2039 Magistri
398 1990 560 2048 fratrlsJohannis
569 1989 648 2028 Trissae.

38 2127 39 2130 ’
53 2121 81 2162 (1)
91 2121 109 2154 S.
118 2121 180 2154 addit:
191 2120 209 2153 in
218 2121 317 2164 theologia.
