1616 2703
84 95 124 133 280
323 98 329 102 ’
353 99 498 131 annotationes

85 176 160 219 struere
169 176 214 229 apta
221 174 240 218 et
249 174 355 217 commoda
367 178 392 217 ad
403 177 463 217 vitam
473 175 578 216 solitariam
589 176 608 215 in
620 176 648 215 eis
655 175 762 216 observan-
804 179 807 224 ζ

83 244 129 287 darn
145 258 161 287 >›·
178 247 264 298 quorum
290 248 385 287 nobiliora
409 247 479 286 deinde
500 246 564 297 pergit
584 258 699 285 enumerare
722 246 760 299 ().
804 238 807 284 ,Ῑ

84 319 198 369 ludolphus
208 315 232 357 de
241 318 326 357 Suchem
336 317 370 367 qui
379 318 427 356 circa
435 328 510 356 annum
521 327 571 371 1350
579 316 659 355 Terram
671 317 762 355 Sanctam
804 316 806 365 ζ

84 388 202 434 visitaverat,
211 384 299 426 'affirmat
310 387 371 426 fuisse
379 398 462 425 numero
472 387 511 425 sere
519 385 631 436 quindecim
638 385 761 438 (2)quorum
803 416 806 440 ,ἶ

85 462 151 496 tamen
160 457 220 506 aliqui
232 469 257 495 ne
269 457 443 506 nomine‘quidem
456 459 574 495 noscuntur.

112 526 210 577 Imprimis
224 526 271 565 mibi
286 527 387 576 agendum
406 532 436 565 est
452 526 477 564 de
492 530 593 565 conventu
610 525 686 575 inipso
708 536 762 564 sacro

85 594 155 635 monte
162 597 278 636 constituto.
289 597 369 635 Recolat
376 597 436 634 lector
445 607 489 645 quae
499 607 558 645 supra
568 607 592 634 ex
598 595 763 644 JohannePhocae

87 667 111 705 de
130 666 150 706 S.
167 666 265 705 Bertboldi
284 665 385 710 instituto,
404 670 423 703 et
440 678 450 703 e
467 665 567 716 Beniamin
577 665 601 703 de
616 664 689 703 Tudela
714 666 764 704 clrca

87 736 180 785 capellam
193 734 212 774 S.
226 736 272 774 Eliae
283 735 353 774 tradita
364 740 412 774 sunt
423 734 460 787 (3).
471 735 556 783 Jacobus
571 735 595 774 de
602 734 689 774 Vitriaco
699 746 711 773 <r
723 735 762 783 alii,

88 806 158 854 inquit,
175 805 200 843 ad
214 806 327 855 exemplum
340 810 359 843 et
374 804 503 843 imitationem
522 805 583 844 sancti
597 805 634 844 viri
645 809 665 843 et
683 804 763 843 solitarii
805 814 808 849 t

87 875 133 914 Ellae
145 873 252 924 'propheta
269 874 289 912 in
309 879 377 913 monte
388 874 478 913 Carmelo
495 879 515 913 et
529 875 615 913 maxime
630 874 649 912 in
665 879 718 924 parte
732 874 765 912 illa

89 941 135 995 quae
147 945 281 995 supereminet
291 944 362 983 civitati
381 944 495 995 Porphyriae
506 956 551 994 quae
562 944 621 983 hodie
633 944 717 994 Caiphas
731 956 765 994 ap·

88 1015 177 1065 pellatur,
186 1015 242 1065 juxta
261 1016 336 1053 iontem
355 1014 388 1064 qui
406 1015 451 1053 tons
469 1013 514 1053 Eliae
533 1014 611 1060 dicitur,
624 1025 664 1053 non
682 1015 764 1064 longea

89 1084 209 1124 monasterio
225 1085 287 1123 beatae
304 1084 386 1133 virginis
406 1084 516 1135 Margaritae
525 1082 562 1136 (4),
578 1085 639 1124 vitarn
657 1084 764 1123 solitariam

89 1156 176 1205 agebant
188 1154 208 1193 in
223 1155 333 1193 alvearibus
348 1154 471 1193 modicarum
481 1155 594 1193 cellularum
604 1159 706 1205 tamquam
716 1166 763 1205 apes
804 1161 808 1204 5

91 1225 171 1264 Domini
195 1224 319 1264 dulcedinem
340 1224 460 1275 spiritualem
482 1224 617 1264 mellificantes
632 1223 693 1277 (5)».
710 1224 765 1263 Circa

89 1295 141 1334 idem
153 1300 241 1345 tempus,
250 1294 262 1332 i.
273 1307 290 1333 e.
305 1306 358 1333 anno
373 1305 419 1332 1211
439 1294 581 1333 Willibrandus
594 1295 617 1333 de
634 1294 763 1344 Oldendorpa

91 1364 192 1414 scripsit«
207 1365 269 1413 Super
284 1364 377 1412 caipham
390 1364 460 1402 urbem
475 1363 546 1402 directe
562 1364 613 1413 jacet
625 1363 727 1402 Carmelus
745 1365 764 1402 in

89 1445 130 1483 quo
148 1433 206 1472 bodie
219 1438 340 1471 monstratur
357 1433 434 1472 mansio
446 1433 491 1471 liliae
507 1438 526 1472 et
542 1434 665 1483 bonoratur3
684 1434 705 1472 in
724 1446 765 1484 quo

89 1504 132 1541 loco
150 1503 237 1552 quotidie
255 1503 361 1541 missarum
379 1502 475 1541 solemnia
492 1502 617 1543 celebrantur
631 1501 662 1553 (6)
679 1516 699 1543 ».
712 1503 765 1542 Con·

90 1578 173 1611 ventum
196 1572 257 1611 istum
271 1572 291 1610 in
308 1573 404 1611 honorem
420 1573 440 1612 S.
461 1572 506 1611 Ellae
520 1577 611 1621 tempore
628 1573 727 1624 Aymerici
745 1578 765 1611 et

90 1641 110 1679 S.
128 1642 226 1680 Bertholdi
243 1641 351 1690 inceptum,
368 1641 387 1680 S.
406 1641 499 1679 ailbertus
511 1646 560 1680 teste
572 1641 654 1680 Sanvico
668 1640 699 1694 (7)
710 1643 768 1692 auxit

90 1721 102 1748 «
114 1711 224 1749 secundum
236 1711 321 1748 formam
333 1710 401 1759 figurae
413 1710 432 1748 in
445 1711 537 1760 praedicta
551 1712 618 1760 regula
630 1711 732 1760 descriptae
744 1724 764 1756 a),

90 1779 102 1818 i.
120 1792 138 1818 e.
151 1792 196 1817 cum
209 1779 282 1818 cellulis
294 1780 420 1818 eremitarum
438 1779 484 1818 hinc
498 1780 544 1819 inde
556 1780 637 1829 sparsis,
654 1792 712 1819 muro
729 1781 765 1819 cir·

90 1848 194 1891 cumdatis,
211 1854 269 1897 atque
281 1849 366 1886 oratorio
376 1849 395 1886 in
408 1849 474 1887 medio
484 1849 592 1897 aedlficat03
606 1849 707 1888 dedicatus
718 1862 765 1888 vero

90 1917 127 1956 luit
143 1918 164 1956 B.
184 1918 207 1956 V.
224 1917 296 1962 lvlariae,
316 1922 375 1966 atque
387 1917 474 1967 religiosi
496 1919 529 1967 qui
553 1923 609 1957 antea
631 1919 721 1957 Eremitae
741 1920 765 1958 de
802 1901 808 1940 ἶ

110 2048 138 2092 (Ι)
151 2049 223 2091 Specul.
234 2048 313 2081 Carmel.
324 2049 338 2087 l,
348 2060 377 2092 97,
388 2059 405 2081 n.
416 2049 458 2090 408.

82 2096 84 2098 Ι
111 2108 140 2151 (a)
152 2106 243 2141 Palestine
254 2106 350 2153 Pilgrirns'
362 2107 410 2140 Text
418 2108 458 2141 Soc.
472 2107 520 2150 [edit.
534 2107 611 2151 angl.)l³.
623 2108 651 2141 63.

82 2173 84 2176 “
112 2166 141 2209 (3)
155 2167 174 2199 P.
184 2166 225 2209 269.

111 2225 140 2268 (4)
152 2224 286 2257 Monachorum
296 2234 405 2268 graecorum.

110 2284 140 2325 (5)
152 2282 200 2316 Hist.
211 2283 243 2317 Or.
254 2293 292 2327 cap.
306 2284 335 2316 52.

112 2343 134 2384 (6)
143 2342 226 2376 Histoire
235 2343 257 2376 de
265 2342 345 2383 rorare,
356 2343 376 2375 P.
390 2353 415 2385 19,
427 2354 445 2375 n.
455 2353 473 2386 p.

113 2402 134 2444 (7)
145 2401 218 2444 Specul.
228 2401 306 2435 Carmel.
316 2401 328 2434 l.
339 2411 354 2434 c.
