1631 2703
280 105 349 134 senen.
360 107 378 133 a.
390 106 409 134 p.
423 94 479 146 1336.
674 105 710 145 ¹29

40 182 73 217 aut
85 178 109 216 ad
118 178 226 235 capitulum
237 178 353 226 provinciale
363 180 404 217 sine
416 180 491 218 licentia
503 180 574 229 prioris·
587 179 711 228 provincialis

41 252 111 295 praeter
118 236 166 289 ,illos
181 246 214 295 qui
230 257 263 295 per
280 246 437 285 Constitutiones
454 249 478 285 ad
495 249 609 298 hujusmodi
628 249 712 297 capitula

40 315 105 353 uenire
115 318 208 370 tenentur
219 315 406 361 accesseriutnoce
418 321 438 354 et
452 317 493 354 loco
505 307 583 354 careant
596 317 640 366 ipso
651 318 710 358 tacto.

40 373 181 432 lternejusdem
187 383 277 421 Rubricae
288 383 342 420 Xlllll
351 383 473 421 ubidicitur:
485 383 625 434 (omnitenens
636 384 665 425 &c
677 384 710 422 ubi

39 451 59 500 in
71 452 110 490 fine
122 451 270 490 constitutionis
287 451 426 496 Nemausensis
438 452 469 502 (2)
480 452 557 490 additur
565 453 623 502 'quod
635 453 710 502 priores

40 518 194 569 provincialesin
207 519 248 557 suis
260 519 330 557 offi:iis
343 530 382 557 non
395 526 487 558 maneant
500 521 536 558 nisi
549 532 583 569 per
594 521 708 564 triennium,

41 587 126 627 totaliter
138 599 262 627 revocamus.
305 600 307 603 ⁴
652 627 654 631 ,
742 637 744 639 ¹

47 690 49 695 ,
61 658 114 695 ’Ῐῐεῐη
132 656 215 695 Rubrica
226 657 285 695 XXlV
296 656 320 694 de
332 657 417 705 capitulo
429 656 541 706 provinciali
554 657 587 694 ubi
598 657 669 695 dicitur
679 656 711 707 (3)

40 726 93 775 quod
106 726 175 764 debeat
191 726 330 764 tantummodo
347 726 455 774 capitulum
466 725 598 774 provinciale
619 726 710 763 celebrari

40 793 174 843 err-prioribus
186 794 281 832 localibus
292 793 328 838 Bac,
341 785 447 840 statuimus
459 794 512 842 quod
532 794 583 831 sicut
596 805 635 832 non
652 795 712 832 'volu-

41 873 86 900 mus
96 852 201 910 magistros
210 862 333 912 parysienses
344 862 363 899 in
376 862 417 900 suis
430 862 535 911 provinciis
544 873 587 906 esse
593 863 620 899 de
634 863 711 911 gremio

41 921 172 980 capitulorum
180 930 329 980 provincialium
339 930 376 982 nisi
388 930 442 968 aliter
453 930 561 983 sintelecti
575 931 626 968 idem
639 931 663 968 de
671 942 712 968 ma-

40 999 106 1048 gistris
115 999 191 1047 Angllae
203 1000 299 1038 volumus
308 998 406 1036 observari
415 983 684 1046 quacunoueconsuetudine
691 999 710 1036 in

40 1067 161 1106 contrarium
172 1077 211 1105 non
221 1067 318 1105 obstante.
328 1067 374 1104 ltem
384 1066 404 1103 in
415 1066 482 1103 eadem
492 1066 574 1105 Rubrica
584 1066 710 1109 ubidicitur:

40 1134 71 1185 (4)
82 1134 216 1173 Verumtamen
234 1135 255 1172 in
271 1135 333 1182 primo
351 1134 433 1182 capituto
450 1135 564 1181 provinciali
579 1137 622 1182 post
639 1135 712 1182 capitu-

41 1205 80 1241 lum
98 1203 187 1252 *generate
206 1202 276 1250 poterit
289 1203 343 1250 prior
352 1202 475 1249 provincialis
486 1204 509 1239 de
519 1203 641 1251 diffinitorum
650 1214 713 1240 asseu-

41 1282 64 1309 su
73 1270 116 1309 ἃς.
128 1271 160 1308 illa
171 1270 286 1308 constitutio
297 1270 382 1314 totaliter
393 1270 496 1307 abradatur
511 1281 573 1319 usque
585 1270 624 1308 ibi:
637 1271 713 1308 Morino

41 1342 103 1377 antem
113 1339 181 1378 Priore
190 1339 304 1385 prouinciali
314 1338 350 1377 &o
358 1339 404 1376 ltem
414 1338 447 1376 ubi
455 1338 525 1376 dicitur
532 1337 569 1388 (5):
578 1339 638 1377 Sociis
643 1339 713 1385 nrtoris

20 1422 22 1424 >
34 1407 162 1454 provincialis
171 1408 240 1444 dentur
251 1407 319 1444 titterce
328 1407 461 1445 testimoniales
469 1411 525 1454 snper
544 1407 650 1448 electionem
665 1407 714 1455 diffl-

41 1475 125 1512 nitornm
136 1477 155 1512 et
161 1476 255 1512 sociorum
264 1475 398 1521 predictorum
407 1478 441 1521 per
454 1474 565 1521 diffinitores
576 1473 655 1521 'capitati
668 1478 714 1521 pro

41 1542 130 1582 trinetatis
141 1543 238 1581 inseratur
248 1543 268 1580 in
281 1544 316 1580 hac
326 1544 404 1581 torma:

54 1656 56 1659 Ι
69 1622 81 1648 ‹<
94 1611 159 1649 Pateat
171 1621 205 1660 per
217 1615 322 1660 praesentes
334 1612 441 1659 quodcum
454 1611 473 1649 in
482 1612 515 1649 tali
527 1611 625 1659 provincia
635 1622 671 1660 pro
680 1610 713 1648 eli-

42 1689 55 1716 «
69 1679 140 1728 gendis
154 1679 212 1736 sociis
229 1679 297 1728 prioris
310 1679 433 1727 provincialis
444 1684 463 1717 et
478 1679 617 1717 diffinitoribus
632 1678 712 1727 capituli

43 1758 55 1785 <c
69 1747 165 1796 generalis
174 1747 207 1785 tali
216 1747 301 1794 loco,tali
309 1752 399 1796 tempore
405 1747 514 1785 celebrandi
524 1751 553 1786 tot
562 1749 654 1789 electores
661 1758 713 1785 esse-

43 1827 55 1852 «
67 1826 119 1861 mus,
133 1815 175 1854 talis
187 1817 245 1853 irater
256 1827 291 1865 pro
301 1816 354 1854 socio
365 1821 402 1860 tot,
415 1821 434 1854 et
445 1816 489 1853 talis
497 1820 528 1854 tot
539 1826 597 1853 voces
609 1816 677 1853 habuit
688 1816 713 1852 de

44 1896 55 1920 <r
70 1894 152 1921 numero
164 1883 277 1933 eligentium
291 1884 411 1933 supradicto¹
424 1885 443 1922 ln
459 1884 544 1927 secunda
559 1895 606 1922 vero
621 1885 714 1926 electione

44 1963 56 1989 <c
71 1963 106 2000 pro
120 1951 259 1991 diffinitoribus
276 1952 369 2001 eligendis
386 1953 439 2001 prior
451 1952 583 2001 provincialis,
595 1953 626 1990 vel
637 1953 687 1993 ralis,
704 1963 714 1988 a

66 2128 86 2169 (al
101 2139 117 2160 n,
134 2140 158 2172 ¹4·

68 2188 89 2228 [el
101 2187 121 2218 P.
135 2198 172 2219 122.

68 2243 90 2284 {ll
104 2254 121 2276 n.
134 2255 151 2286 4.

72 2301 94 2342 {4}
107 2312 125 2334 rr.
140 2313 165 2345 ¹7·

71 2361 92 2401 nl
104 2372 121 2393 n.
133 2371 160 2393 aa.
