1616 2703
99 58 137 103 248
336 66 400 94 enirn
413 65 525 95 CATALOGUS

98 142 205 180 comitibus
215 153 238 180 ex
247 141 325 193 Syriaco
338 142 388 179 bello
401 141 494 191 Angliam
506 141 612 178 adventant
622 139 739 189 Radulphus
754 143 773 176 et

98 211 151 249 lio.-
161 212 287 260 De-quorum
305 211 390 249 adventu
402 211 477 261 Symon
492 211 551 259 paulo
574 215 619 248 ante
631 222 641 247 a
653 210 694 247 Deo
703 209 773 247 certior

98 281 160 318 factus
169 286 262 319 truncum
271 281 356 319 deseruit
364 286 383 318 et
393 280 536 330 Aylesfordiam
544 280 646 329 ingressus
657 278 772 327 religionem

99 350 209 398 profitetur,
224 351 286 398 fitque
296 350 361 388 statim
380 350 455 387 cunctis
480 349 500 386 in
517 348 675 387 admirationem.
697 347 772 385 Horum

98 419 187 468 impulsu
199 418 308 457 sacerdotio
318 420 397 457 iunctus
409 419 428 456 in
441 418 518 469 synodo
541 423 619 468 patrum
639 417 691 467 apud
704 417 773 467 Ayles-

98 487 181 526 fordiam
194 489 218 527 A.
228 489 251 526 l).
268 489 350 538 1245>tit
358 489 455 538 generalis
465 488 554 526 omnium
562 492 625 525 rector
636 486 773 535 fitquebacha·

98 559 176 596 laureus
188 558 265 596 Oxonia
277 558 296 595 in
309 569 362 596 sacra
375 558 452 607 pagina.
464 557 558 596 Visitatus
570 570 580 594 a
592 557 671 605 Virgine
697 567 772 594 novum

98 627 208 665 indumenti
215 639 279 676 genus
289 627 379 672 assumit,
388 627 487 676 privilegia
495 631 592 676 procurat,
601 637 683 676 gregem
690 630 771 667 tutatur,

98 697 237 744 edessenae,
254 697 352 745 praedicar,
366 697 452 741 instruit,
465 703 485 734 et
496 697 589 734 miracula
598 695 649 733 facit.
663 695 736 733 Vinum
749 705 773 732 ex

98 778 149 814 aqua
162 767 211 811 lecit,
225 767 299 815 piscem
312 772 390 804 coctum
401 771 466 804 natare
485 766 553 804 vivum
566 767 636 814 coegit,
649 776 695 802 aves
715 770 773 813 atque

98 836 161 884 pisces
171 836 207 874 sibi
222 836 326 874 familiares
339 836 413 881 habuit,
428 835 448 873 in
462 836 552 874 Carinelo
573 841 648 884 septem
661 834 718 873 annis
730 846 773 872 esca

98 905 163 944 divina
176 905 262 944 nutritus
274 906 315 944 tuit.
331 905 387 944 Rexit
406 905 501 943 Ordinem
517 905 586 954 viginti
607 904 670 948 annis,
692 908 772 942 centum

99 986 196 1012 annorum
209 987 270 1013 senex
281 975 301 1013 in
312 975 417 1024 burdegala
429 975 531 1013 Vasconiae
544 975 634 1023 sepultus
643 975 667 1012 A.
678 975 701 1012 l).
715 972 771 1023 1265,

102 1043 124 1081 16
133 1044 164 1081 die
175 1044 227 1094 Maji,
238 1049 344 1093 postquam
358 1044 501 1093 quinquaginta
513 1044 570 1082 annis
587 1044 607 1081 in
620 1044 693 1081 Ordine
704 1055 773 1082 conse·

99 1114 170 1151 nuerit.
181 1114 243 1162 liujus
256 1125 333 1152 sacrum
346 1125 417 1162 corpus
427 1115 487 1152 erexit
496 1113 516 1151 in
526 1115 588 1151 altum
598 1113 774 1162 archipraesulssur-

99 1184 209 1232 degalensis
218 1195 264 1222 cum
277 1185 335 1222 clero.

126 1264 145 1301 7.
154 1253 236 1291 Sanetus
248 1254 339 1291 Nicotaus
349 1253 416 1291 Gallus
428 1253 562 1298 Prouincialis,
583 1253 612 1291 vir
635 1253 773 1292 sanctissimus

99 1334 123 1360 ex
135 1322 165 1361 liis
177 1334 230 1360 unus
238 1334 282 1361 esse
293 1323 406 1372 perhibetur
414 1324 447 1372 qui
460 1324 483 1361 de
493 1323 582 1361 Carmelo
595 1323 712 1372 captivitatis
723 1328 774 1361 tern-

100 1404 146 1441 pore
156 1392 260 1430 Marsiliam
273 1392 333 1430 venit.
345 1393 404 1431 Anno
414 1393 494 1431 Domini
507 1392 727 1442 1265Tn010saeracrus
741 1405 774 1442 ge-

100 1462 170 1500 neralis
182 1462 273 1499 omnium
289 1466 356 1510 pastor
368 1473 403 1511 pro
414 1463 579 1501 monasteriorum
589 1462 724 1507 aedificatione,
738 1474 773 1511 pro

99 1532 209 1569 animarum
219 1532 272 1569 lucro
280 1537 339 1580 atque
354 1543 389 1580 pro
399 1533 521 1570 incremento
532 1533 627 1570 virtutum
645 1532 693 1570 nulli
713 1532 774 1570 labori

100 1601 193 1650 pepercit.
207 1601 255 1650 Erga
263 1603 391 1639 molestantes
409 1602 524 1651 religionem
543 1607 562 1639 et
582 1613 616 1650 pro
636 1601 774 1640 construendis

100 1671 175 1709 aedibus
184 1683 194 1708 a
206 1670 307 1708 Clemente
320 1671 343 1709 lV
356 1671 457 1720 privilegia
467 1671 585 1720 procuravit.
602 1672 716 1720 Numquam
734 1683 775 1708 cre-

100 1740 152 1777 ditur
163 1751 230 1778 carnes
243 1740 354 1778 comedisse
363 1752 427 1789 neque
437 1741 532 1779 insedisse
544 1741 607 1789 equis,
622 1741 711 1790 pedester
720 1741 773 1778 enim

100 1810 247 1854 obambulabat,
261 1820 321 1858 parvo
333 1810 402 1847 bacillo
415 1811 509 1848 suffultus
521 1815 540 1848 et
551 1810 653 1859 agrestiori
666 1822 715 1848 usus
727 1811 775 1848 ami-

100 1872 145 1917 eru
154 1880 173 1916 ln
184 1880 273 1917 Messana
283 1879 350 1917 Siciliae
362 1891 386 1917 ex
394 1880 448 1917 omni
456 1880 537 1929 regione
546 1880 653 1929 capitulum
663 1881 733 1925 tenuit,
741 1880 774 1918 ubi

100 1949 124 1986 ad
136 1950 211 1986 cultum
221 1948 255 1986 Dei
268 1954 314 1986 sunt
326 1949 371 1986 editi
386 1960 477 1994 canones,
494 1950 574 1987 fuerunt
587 1950 625 2006 illic
640 1954 704 1998 patres
714 1961 774 1998 quain

100 2017 179 2066 plurimi
189 2018 213 2055 de
219 2018 316 2062 Carmelo,
326 2018 350 2055 de
362 2018 431 2055 Achon
445 2023 463 2055 et
473 2019 496 2056 de
511 2018 640 2057 l-lierusalem.
656 2020 774 2067 Aliquorum

100 2087 177 2144 ignavia
189 2092 285 2136 pertaesus
298 2087 368 2136 quinto
376 2088 478 2137 regiminis
490 2099 543 2126 anno
555 2088 620 2126 officio
638 2089 697 2127 cessit
713 2094 732 2126 et
751 2089 775 2126 ad

100 2157 174 2194 heremi
190 2157 276 2205 quietem
286 2168 376 2195 reversus
385 2169 408 2195 ex
418 2163 486 2195 monte
495 2158 593 2196 Cunatrot
600 2158 675 2207 igneam
681 2158 775 2208 Sagittarii

100 2225 172 2264 emisit.
184 2225 237 2264 Obiit
249 2226 273 2264 A.
287 2226 310 2264 D.
327 2227 383 2270 1282,
396 2238 407 2263 2
419 2227 450 2264 die
468 2226 540 2275 Aprilis
553 2226 573 2264 in
586 2227 775 2279 Aurasica(1)Gal-

121 2356 142 2398 (1)
150 2356 243 2398 Arausica,
250 2356 342 2408 Oranges
