1616 2703
263 117 346 146 PRIORUM
359 117 481 146 GENERALIUM
670 119 709 159 239

33 205 97 238 voces,
108 192 173 231 dictus
186 204 230 231 vero
243 197 297 243 pater
306 192 375 231 Soretlr
388 192 456 242 viginti
469 197 561 242 quatuor,
573 204 632 240 quem
648 192 708 241 aliqui

33 264 125 302 absentes
140 262 209 300 litteris
221 262 292 301 clausis
309 263 367 300 etiarn
382 263 492 311 elegerunt.
510 261 640 310 Migravitque
655 261 707 299 idem

33 337 87 383 pater
98 343 151 369 anno
164 332 242 370 Domini
261 342 307 381 1471
324 332 344 369 in
356 335 457 369 conventu
474 331 615 380 Andegavensi
628 331 708 380 provin-

33 402 68 440 ciae
78 401 191 440 Thuroniae.
202 401 264 450 Cujus
276 407 365 451 tempore
375 400 438 450 posita
450 401 487 439 fuit
499 400 622 438 observantia
632 402 651 438 in
660 402 708 439 mul-

32 471 58 509 tis
67 471 198 509 conventibus
210 470 297 515 Ordinis,
310 474 412 518 erectaque
424 471 504 508 fuerunt
516 470 578 507 multa
588 470 708 508 monasteria

33 551 125 579 sororum
133 538 214 577 Ordinis
226 544 269 578 turn
278 539 297 576 in
306 539 402 577 Britannia
409 543 453 576 turn
460 537 512 582 alibi,
523 538 543 576 in
553 538 610 586 cujus
618 543 708 588 tempore

32 609 133 648 Francisca
144 608 223 647 ducissa
235 609 338 647 Britanniae
348 609 437 647 habitum
451 607 545 656 sumpsit.
558 608 626 646 Plures
638 609 708 647 iratres

32 678 57 715 ob
70 677 237 716 introductionem
251 679 344 726 regularis
353 678 485 716 observantiae
493 677 623 720 decesserunt
632 677 666 723 abs
673 678 709 715 Or-

33 747 85 794 dine,
98 747 164 796 plures
174 746 247 795 ydiotae
256 753 275 785 et
290 746 436 786 extraordinarii
448 746 551 785 bachalarii
566 746 658 795 promoti,
682 747 709 784 le-

32 820 96 855 ctores
110 821 259 865 extravagantes
271 821 291 854 et
302 816 351 855 asini
363 816 467 864 lectorati(
481 815 496 867 ).

59 886 86 924 Ex
97 886 167 923 eodem
177 886 295 924 collectario.
308 886 357 935 (Fol.
374 886 419 935 58a)
428 886 474 924 llaec
483 897 528 934 quae
540 890 652 934 sequuntur
661 891 709 924 sunt

32 955 95 994 fratris
104 955 199 1002 Johannis
209 956 233 993 de
245 956 305 994 Pratis
318 956 424 1005 provinciae
436 955 521 993 Franciae
533 954 570 1006 (ε).

58 1025 152 1074 Magister
160 1026 217 1062 frater
225 1025 324 1072 johannes
335 1025 384 1074 Facy
396 1035 419 1063 ex
428 1025 475 1062 urbe
485 1024 616 1062 Avinionensi
627 1025 708 1074 genitus

32 1099 51 1131 et
60 1098 169 1132 conventus
178 1094 240 1142 ipsius
250 1094 310 1140 filius,
320 1094 349 1132 vir
356 1093 471 1142 procerioris
483 1098 564 1132 staturae
576 1094 708 1142 maximaeque

25 1162 133 1212 ‘gravitatis
150 1168 170 1200 et
188 1163 347 1212 magnificentiae,
364 1163 397 1201 ubi
417 1163 501 1201 lectoriae
521 1162 606 1212 gradum
624 1162 708 1201 Parisius

33 1232 124 1282 receperit
142 1232 278 1271 Avinionense
295 1232 383 1271 studium
399 1232 487 1277 accessit,
499 1232 532 1270 ubi
553 1232 619 1270 statim
640 1237 709 1281 postea

33 1302 168 1350 magisterium
179 1303 272 1351 suscepit,
289 1308 357 1351 postea
372 1314 420 1340 vero
433 1314 467 1351 per
481 1303 543 1339 multa
560 1306 650 1350 tempora
664 1302 710 1339 dicti

31 1376 141 1412 conventus
151 1371 291 1410 Avinionensis
306 1372 359 1421 prior
373 1371 444 1417 extitit,
457 1371 527 1409 deinde
543 1371 651 1420 provinciae
665 1371 709 1409 Pro-

32 1440 101 1478 vinciae
109 1440 161 1489 prior
167 1440 291 1489 provincialis
301 1442 391 1484 effectus,
405 1452 440 1490 pro
450 1440 576 1478 universitate
587 1440 709 1478 Avinionen-

32 1509 48 1547 si
57 1510 81 1547 ad
93 1508 197 1548 concilium
210 1509 318 1548 Basileense
331 1509 440 1548 destinatur
454 1509 473 1547 in
483 1520 523 1558 quo
533 1508 612 1547 viriliter
624 1520 660 1559 pro
672 1509 709 1548 Or·

54 1687 75 1729 [r]
86 1686 220 1720 stomachantis
230 1694 273 1719 sunt
282 1687 320 1720 hoec
331 1687 391 1720 verba.
404 1687 431 1720 Ad
441 1687 574 1726 reformandam
588 1686 704 1731 disciplinam

32 1744 122 1787 imprimis
139 1745 262 1778 necessarium
278 1753 317 1778 erat
334 1745 443 1787 restringere
461 1744 554 1789 privilegia
569 1745 706 1790 magistrorum,

32 1805 81 1838 unde
89 1804 219 1849 quamplurimi
229 1805 256 1837 vel
267 1804 334 1837 Ordini
341 1804 417 1837 omnino
425 1804 559 1846 valedixerunt,
566 1805 594 1838 vel
601 1806 624 1838 ad
631 1815 709 1839 conven-

26 1871 60 1895 tus
70 1874 106 1897 non
120 1864 226 1896 reformatos
245 1862 352 1905 migrarunt,
365 1863 392 1896 uti
408 1864 512 1896 Norbertus
524 1875 534 1895 a
553 1865 572 1897 S.
582 1864 653 1897 Juliana
663 1865 707 1906 (Ms.

33 1921 88 1954 Brun.
101 1923 157 1965 16492
167 1921 198 1955 fol.
208 1924 246 1964 47al
257 1922 275 1954 in
287 1921 323 1955 vita
334 1921 409 1955 Antonii
419 1921 441 1954 de
449 1921 519 1955 Gochia
527 1921 599 1965 plenius
610 1923 677 1965 habet;
688 1934 709 1956 ex

32 1980 132 2026 privilegiis
142 1980 246 2025 pontificiis
261 1980 312 2014 licuit
322 1981 407 2014 Generali
418 1980 490 2014 titulum
505 1989 523 2014 er
532 1981 612 2014 lauream
625 1983 710 2015 doctora-

31 2040 67 2073 lem
80 2040 162 2084 pluribus
171 2040 255 2073 fratribus
261 2039 355 2083 impertire
363 2041 386 2073 ob
396 2050 460 2073 eorum
469 2039 534 2073 merita
540 2041 623 2084 quamvis
632 2041 651 2075 in
658 2041 709 2075 nulla

31 2098 149 2133 universitate
159 2098 224 2133 studiis
233 2109 309 2143 operam
319 2098 419 2145 dedissent.

54 2159 75 2201 (a)
86 2160 101 2192 E
111 2165 202 2191 conventu
215 2157 278 2191 Pontis
291 2157 380 2191 Adomari
391 2158 410 2190 in
424 2157 538 2191 Normannia
551 2158 646 2198 oriundus,
658 2170 708 2193 anno

34 2216 178 2258 1488Avin'10ne
199 2217 222 2250 ad
240 2216 365 2261 magisterium
377 2224 472 2260 promotus
484 2224 517 2250 est.
537 2217 604 2251 Pontio
625 2218 708 2252 Renaudl

32 2275 75 2309 dum
87 2276 189 2321 generalem
199 2284 260 2320 ageret
272 2287 281 2310 a
294 2275 366 2310 secretis
378 2284 422 2311 erat.
