1631 2703
313 116 393 147 nunnrca
407 116 452 145 xxvi
695 107 719 155 85

45 193 131 243 aliquem
141 193 165 232 de
177 193 254 243 gremio
266 193 345 243 capituli
355 191 486 243 provincialis,
503 203 548 241 quae
557 192 577 230 in
589 192 670 231 veritate
679 203 720 232 non

46 264 131 302 debeant
142 264 227 309 tolerari,
242 263 290 320 dum
304 268 371 302 tamen
385 261 463 312 possint
474 262 494 300 in
508 262 551 312 ipso
567 266 666 301 conventu
679 264 721 301 sui-

45 333 132 375 ticienter
142 333 228 383 probari,
242 337 343 386 ‚proponat
357 344 423 372 coram
440 332 494 371 socio
513 332 614 382 praedIcto,
630 332 664 382 qui
678 332 721 382 ipsa

46 403 115 443 habeat
132 403 230 453 inquirere
248 404 357 453 diligenter,
371 403 500 442 coassistente
512 402 549 441 sibi
562 402 625 453 priore
639 402 719 443 domus.

46 473 64 513 Si
76 485 123 512 uero
135 473 228 523 praedicta
241 473 332 515 notabilia
345 473 418 512 luerint
429 477 448 511 et
460 473 540 523 probata
552 472 673 512 sufficienter
686 484 721 522 per

45 555 141 593 personas
152 544 280 594 nde-dignas,
294 543 399 593 praedictus
412 542 481 582 socius,
490 554 607 592 processum
617 543 722 582 continen-

45 619 86 653 tem
100 613 182 652 nomina
199 615 329 663 proponentis
339 618 362 652 et
373 612 522 652 testificantium
538 613 635 671 praedicta
643 614 680 652 sub
696 614 721 652 si-

46 684 94 732 gillo
109 687 220 722 conventus
235 684 259 721 ad
273 683 383 732 capitulum
401 683 520 733 provinciale
531 694 599 721 secum
612 683 685 721 deierat
702 687 722 721 et

47 752 129 791 nomine
146 752 204 798 illius,
226 753 259 802 qui
277 753 368 802 praedicta
383 752 494 802 proposuit,
508 753 563 791 illum
573 757 645 791 ⁴contra
660 764 720 802 quem

46 827 93 861 sunt
104 823 210 872 proposita,
224 823 240 861 si
248 825 335 871 praesens
344 822 402 860 fuerit
413 823 432 860 in
442 822 534 872 capitulo,
543 822 613 860 habeat
623 833 720 867 accusare,

47 893 132 930 offerens
141 892 256 941 praedictum
264 903 380 941 processum
386 892 406 930 in
414 892 551 930 testimonium
564 891 720 947 praemissorum,

47 961 80 1011 qui
92 961 108 1000 si
121 974 142 1000 se
151 957 271 1001 sufficienter
280 973 374 1000 excusare
383 973 423 1000 non
435 962 498 999 valeat
508 953 614 1010 puniatur(
626 959 656 999 16.
669 961 721 999 idem

47 1042 92 1069 vero
102 1032 135 1069 fiat
147 1042 184 1070 suo
201 1031 261 1070 modo
276 1031 296 1069 in
309 1030 395 1080 capitulo
408 1030 520 1081 provinciali
533 1042 579 1069 cum
589 1031 613 1068 ad
630 1032 722 1079 generale

47 1101 154 1150 capitulum
167 1105 197 1139 est
211 1102 309 1146 eundum,
319 1100 334 1139 si
344 1105 412 1139 contra
425 1099 514 1150 priorem
521 1100 634 1150 generalem
646 1101 677 1139 vel
689 1100 723 1138 ali-

47 1182 107 1221 quem
117 1170 141 1208 de
152 1170 228 1220 gremio
240 1170 286 1208 dicti
295 1170 375 1219 capituli
383 1170 463 1219 aliquod
471 1180 535 1224 *grave
543 1169 653 1207 notabiliter
664 1169 723 1207 habe-

47 1241 165 1290 arur,quod
177 1240 215 1279 sub
227 1240 291 1289 sigillo
303 1240 405 1279 communi
418 1239 523 1289 provinciae
532 1240 629 1278 ‘offeratur
641 1251 675 1288 per
686 1239 723 1278 dil-

47 1310 147 1348 tinitorem
165 1310 254 1358 eiusdem
269 1308 347 1358 capituli
364 1309 469 1363 generalis.
489 1296 531 1348 'Nec
543 1310 645 1362 volumus,
668 1309 723 1358 quod

47 1378 173 1418 testificantes
194 1384 285 1417 accusato
304 1379 440 1423 nominentur,
461 1377 503 1416 nisi*
513 1376 563 1429 (Fol.
578 1379 624 1427 28a)
633 1377 723 1427 ejusdem

48 1449 154 1488 necessitas
167 1450 204 1486 hoc
217 1437 309 1497 requirat,
321 1460 357 1486 nec
364 1449 420 1497 culpa
429 1448 494 1497 aliqua
504 1447 589 1502 capitulo
598 1448 684 1498 generali
693 1448 724 1492 vel

48 1518 161 1566 provinciali
175 1523 312 1567 praesentetur,
328 1529 374 1567 quae
385 1517 503 1567 praesidente
517 1517 582 1567 priore
593 1517 678 1567 generali
692 1519 724 1567 vel

48 1587 161 1636 provinciali
173 1588 203 1625 vel
215 1588 257 1637 ejus
270 1587 341 1626 vicario
351 1587 416 1637 potuit
428 1586 498 1637 corrigi
509 1587 644 1632 inconvento,
655 1592 675 1625 et
686 1587 724 1626 nisi

48 1657 140 1695 notabilis
154 1657 214 1696 luerit
231 1662 250 1695 et
270 1657 390 1696 sufficienter
407 1656 489 1706 probata
512 1668 545 1706 per
568 1668 663 1706 personas
686 1657 725 1696 side

48 1726 126 1776 dignas.
675 1767 677 1769 ,

77 1806 106 1844 17.
123 1795 192 1835 Socius
205 1796 275 1845 prioris
293 1796 317 1834 de
329 1796 422 1834 electione
434 1807 469 1834 sua
487 1796 524 1835 sub
542 1796 607 1845 sigillo
619 1796 723 1835 communi

47 1869 157 1903 conventus
169 1865 253 1903 litteram
263 1865 334 1902 habeat
343 1865 456 1914 specialem,
467 1865 602 1903 continentem
616 1877 723 1903 numerum

48 1935 163 1984 eligentium
173 1940 192 1973 et
203 1936 311 1973 electorum
322 1939 340 1973 et
349 1948 359 1973 a
368 1940 418 1984 quot
427 1935 518 1984 personis
530 1939 560 1973 est
568 1936 649 1980 electus,
660 1940 683 1974 ut
692 1947 726 1984 per

50 2004 86 2042 hoc
98 2005 118 2043 in
130 2004 225 2043 scrutinio
237 2005 316 2050 sciatur,
329 2016 354 2042 an
364 2005 399 2042 rite
408 2009 427 2042 et
436 2005 530 2042 canonice
545 2005 636 2054 eligatur.
653 2006 727 2043 Omnia

0 2094 1 2108 ι
49 2079 114 2112 autem
125 2074 211 2123 capitulo
227 2074 341 2123 provinciali
361 2074 497 2123 praesentanda
509 2074 547 2112 sub
563 2074 627 2123 sigillo
639 2086 727 2113 conven-

49 2146 106 2181 tuum
124 2144 189 2182 clausa
207 2148 360 2193 praesententur,
374 2155 409 2181 nec
426 2143 483 2181 alicui
497 2143 587 2181 credatur
599 2144 619 2182 in
635 2144 678 2182 aliis
690 2144 727 2182 nisi

50 2211 68 2249 in
78 2213 141 2262 culpis
154 2212 232 2262 prioris,
258 2224 308 2261 quas
323 2218 369 2262 post
383 2212 458 2251 exitum
470 2225 486 2250 a·
496 2217 595 2251 conventu
610 2225 647 2252 suo
660 2214 726 2263 ipsum

51 2280 154 2331 contigerit
166 2282 298 2320 commisisse.
503 2279 505 2282 ’

81 2352 111 2389 18.
127 2351 147 2388 ln
165 2351 260 2390 omnibus
272 2350 362 2400 capitulis
374 2355 415 2389 tam
432 2352 598 2390 conventualibus
608 2363 668 2401 quam
681 2352 729 2391 coti-

54 2418 117 2458 dianis
130 2419 150 2458 in
162 2420 202 2458 fine
214 2420 291 2470 capituli
302 2421 337 2459 siat
356 2420 524 2459 recommendatio
536 2420 683 2461 benefactorum
701 2433 729 2461 or·
