1616 2703
104 111 143 164 306
368 124 515 153 aonomnones

104 209 196 246 possessa
205 203 271 237 sancte
281 204 300 237 et
312 199 343 249 pie
351 204 478 239 conversatus
490 199 510 238 in
523 199 591 238 ordine
612 211 666 238 sacro
679 191 781 249 presbyte-

104 267 125 306 rii
137 268 240 307 ordinatus
251 273 288 307 est.

129 337 180 376 [εεῖΙ
194 338 213 376 ll.
227 338 261 377 llic
273 339 353 388 quidem
364 339 448 390 Cyrillus
460 345 541 378 sanctus
553 340 579 378 ob
590 341 779 390 contemplationem

103 407 158 446 mira
170 408 278 446 sanctitatis
290 414 310 447 et
327 409 372 447 vitae
389 409 478 459 puritatis
501 411 583 448 fratrum
607 410 746 449 heremitarum
759 411 779 449 in

103 483 171 515 monte
180 477 263 516 Carmeli
273 479 440 517 commorantium
450 478 582 528 omnipotenti
594 478 635 516 Deo
643 479 726 528 ejusque
736 479 780 528 glo-

102 546 160 585 riosae
168 547 259 596 genitrici
268 548 333 586 Mariae
342 553 419 598 gratum
429 549 547 587 famulatum
560 548 591 586 die
601 552 700 597 noctuque
712 549 731 586 in
739 559 779 598 poe-

102 616 189 655 nitentiae
201 616 314 656 austeritate
323 622 342 656 et
352 617 475 667 proprietatis
495 617 617 656 abdicatione
640 617 777 666 praestantium

101 687 187 725 eundem
198 692 287 726 montem
298 688 418 726 affectuosus
430 692 449 725 et
460 699 506 726 cum
517 687 622 726 devotione
631 687 685 725 adiit.

128 756 178 794 Lect.
189 756 215 795 lll.
226 757 313 795 Mentem
326 757 392 806 itaque
401 756 562 796 amoenissimum
577 756 715 806 germinosum
736 768 779 806 pas·

100 826 141 864 cuis
154 825 283 872 uberrimum,
296 827 350 865 toute
360 827 478 864 scaturiente
496 826 599 876 irriguum,
610 837 670 876 quem
680 827 727 865 olim
736 837 778 865 san-

99 899 142 933 ctus
153 900 207 944 pater
218 895 267 933 Elias
279 900 299 933 et
310 895 385 934 Eliseus
394 900 453 945 atque
465 896 495 933 alii
508 897 636 945 quamplures
647 897 750 946 prophetae
758 902 777 935 et

99 966 241 1014 prophetarum
251 964 285 1003 nni
295 965 415 1004 inhabitasse
433 967 533 1015 leguntur.
547 965 627 1004 Devotis
640 977 726 1015 namque
740 966 777 1004 sra-

98 1034 161 1073 tribus
173 1034 247 1073 ibidem
257 1034 276 1073 in
288 1047 331 1073 cara
346 1036 466 1074 fraternitate
484 1040 503 1073 et
515 1035 566 1074 dulci
579 1035 671 1074 convictu
687 1047 777 1074 commo-

100 1104 252 1154 rantibusjuxta
261 1116 330 1143 eorum
340 1104 419 1144 vivendi
431 1105 515 1143 modum
527 1105 590 1143 extitit
602 1106 671 1143 beatus
691 1105 776 1157 Cyrillus

98 1175 215 1213 associatus.

67 1259 69 1263 ⁴
125 1244 176 1283 Lect.
187 1245 217 1283 lV.
232 1245 296 1283 Vitam
309 1245 391 1294 insuper
402 1244 493 1284 coelibem
506 1245 530 1284 ita
542 1245 599 1284 duxit
610 1245 679 1284 beatus
690 1245 775 1297 Cyrillus

98 1318 120 1352 ut
132 1314 206 1364 saepius
215 1314 304 1364 angelico
314 1319 395 1364 aspectu
407 1315 521 1353 consolatus
533 1319 552 1353 et
563 1314 634 1353 divinis
655 1314 775 1353 revelationi-

97 1383 135 1422 bus
145 1383 213 1421 crebro
221 1383 279 1422 suerit
288 1383 404 1422 illustratus.
418 1384 461 1423 Fuit
470 1395 517 1423 vero
525 1384 556 1422 hic
567 1384 695 1423 doctissimus
700 1385 730 1423 vir
737 1384 775 1435 Cy-

97 1454 151 1492 rillus
162 1457 210 1491 tunc
219 1453 326 1503 patriarcba
346 1454 492 1492 Alexandrinus
503 1466 514 1492 a
533 1454 613 1492 Domno
625 1453 724 1493 Celestino
736 1454 774 1503 pri-

97 1535 130 1561 mo
139 1523 177 1562 sub
186 1535 238 1561 anno
255 1523 334 1562 Domini
356 1524 552 1573 quadringentesimo
573 1529 642 1562 octavo
654 1524 674 1562 in
688 1525 773 1574 generali

96 1593 179 1631 concilio
189 1593 265 1642 Epheso
275 1594 319 1631 loco
327 1593 358 1632 sui
367 1593 459 1632 ducentis
468 1593 542 1632 ibidem
554 1593 653 1643 episcopis
662 1593 772 1633 astantibus

97 1663 206 1712 praesidens
220 1662 330 1702 ordinatus.

123 1734 174 1771 Lect.
187 1733 212 1772 V.
225 1734 295 1771 Beatus
314 1744 400 1782 namque
412 1733 519 1782 patriarcba
531 1732 615 1783 Cyrillus
627 1731 647 1770 in
660 1732 712 1771 dicto
724 1743 772 1770 con-

96 1802 139 1840 cilio
149 1807 217 1840 contra
225 1802 339 1841 Nestorium
347 1803 460 1841 haereticum
469 1803 572 1852 disputans
588 1803 622 1852 qui
635 1802 769 1841 beatissimam

96 1872 192 1921 virginem
204 1872 317 1913 obnoxiam.
332 1871 480 1921 peccatiluisse
497 1877 517 1910 et
528 1883 568 1910 non
581 1883 624 1910 esse
637 1876 720 1909 matrem
736 1871 770 1909 Dei

95 1941 130 1979 secl
142 1941 185 1990 puri
201 1940 287 1979 hominis
308 1941 390 1986 dicebat,
404 1942 470 1990 ipsum
483 1941 597 1979 haereticum
618 1941 734 1979 confutavit.
748 1941 770 1978 Et

94 2010 246 2060 quamplurimis
259 2010 368 2049 rationibus
377 2010 460 2049 oculatis
469 2011 547 2048 beatam
557 2010 660 2060 Virginem
672 2010 770 2048 Mariama

93 2081 166 2130 peccati
176 2081 250 2119 macula
263 2081 346 2119 omnino
355 2080 466 2119 immunem
475 2080 580 2119 conclusit.

118 2151 170 2189 Lect.
184 2151 214 2189 Vl.
230 2151 351 2200 Conscripsit
364 2155 455 2199 praeterea
472 2151 502 2189 vir
519 2154 598 2189 sanctus
616 2149 668 2187 idem
684 2149 768 2201 Cyrillus

93 2220 165 2258 librum
177 2220 291 2268 quindecim
301 2220 391 2270 capitulis
398 2221 514 2258 distinctum
526 2224 594 2263 contra
603 2219 725 2263 Nestorium,
735 2219 769 2257 dit-

92 2288 205 2337 finiensque
217 2290 236 2327 ln
249 2290 342 2339 praedicto
362 2290 446 2328 concilio
465 2289 592 2327 temerarium
614 2288 676 2326 dicere
691 2289 768 2326 beatam

93 2359 195 2408 Virginem
207 2359 288 2410 alicujus
301 2358 373 2409 peccati
385 2359 462 2398 macula
471 2357 585 2403 obnoxiam,
599 2362 618 2396 et
630 2368 674 2396 esse
685 2357 719 2395 Dei
729 2369 768 2395 ma-

92 2432 150 2467 trem.
163 2428 222 2474 Quod
234 2429 258 2467 ab
270 2429 365 2468 omnibus
373 2428 504 2479 approbatum
514 2431 551 2467 est.
