<?xml version="1.0" encoding="UTF-8"?>
<!DOCTYPE html PUBLIC "-//W3C//DTD XHTML 1.0 Transitional//EN"
    "http://www.w3.org/TR/xhtml1/DTD/xhtml1-transitional.dtd">
<html xmlns="http://www.w3.org/1999/xhtml" xml:lang="en" lang="en">
 <head>
  <title>
</title>
<meta http-equiv="Content-Type" content="text/html;charset=utf-8" />
  <meta name='ocr-system' content='tesseract 3.04.00' />
  <meta name='ocr-capabilities' content='ocr_page ocr_carea ocr_par ocr_line ocrx_word'/>
</head>
<body>
  <div class='ocr_page' id='page_1' title='image "MN5087ucmf_2_0337.png"; bbox 0 0 1616 2703; ppageno 0'>
   <div class='ocr_carea' id='block_1_1' title="bbox 265 130 700 171">
    <p class='ocr_par' dir='ltr' id='par_1_1' title="bbox 265 130 700 171">
     <span class='ocr_line' id='line_1_1' title="bbox 265 130 700 171; baseline 0 -13"><span class='ocrx_word' id='word_1_1' title='bbox 265 131 288 158; x_wconf 85' lang='lat' dir='ltr'>DE</span> <span class='ocrx_word' id='word_1_2' title='bbox 300 131 316 159; x_wconf 69' lang='lat' dir='ltr'>S,</span> <span class='ocrx_word' id='word_1_3' title='bbox 327 130 396 158; x_wconf 86' lang='lat' dir='ltr'>SlMONE</span> <span class='ocrx_word' id='word_1_4' title='bbox 406 130 467 159; x_wconf 82' lang='lat' dir='ltr'>STOCK</span> <span class='ocrx_word' id='word_1_5' title='bbox 664 130 700 171; x_wconf 66' lang='grc'>321</span> 
     </span>
    </p>
   </div>
   <div class='ocr_carea' id='block_1_2' title="bbox 21 205 710 1653">
    <p class='ocr_par' dir='ltr' id='par_1_2' title="bbox 21 205 710 1653">
     <span class='ocr_line' id='line_1_2' title="bbox 28 205 705 245; baseline -0.001 -1"><span class='ocrx_word' id='word_1_6' title='bbox 28 211 85 245; x_wconf 83' lang='lat' dir='ltr'>nocte·</span> <span class='ocrx_word' id='word_1_7' title='bbox 95 207 117 245; x_wconf 86' lang='lat' dir='ltr'>ut</span> <span class='ocrx_word' id='word_1_8' title='bbox 128 206 227 245; x_wconf 91' lang='lat' dir='ltr'>videretur</span> <span class='ocrx_word' id='word_1_9' title='bbox 238 206 270 245; x_wconf 79' lang='lat' dir='ltr'>ibt</span> <span class='ocrx_word' id='word_1_10' title='bbox 279 207 342 244; x_wconf 88' lang='lat' dir='ltr'>lucem</span> <span class='ocrx_word' id='word_1_11' title='bbox 358 217 402 245; x_wconf 91' lang='lat' dir='ltr'>esse</span> <span class='ocrx_word' id='word_1_12' title='bbox 415 206 551 244; x_wconf 79' lang='lat' dir='ltr'>meridianam.</span> <span class='ocrx_word' id='word_1_13' title='bbox 566 218 578 243; x_wconf 79' lang='lat' dir='ltr'>r&lt;</span> <span class='ocrx_word' id='word_1_14' title='bbox 589 205 657 244; x_wconf 83' lang='lat' dir='ltr'>Territi</span> <span class='ocrx_word' id='word_1_15' title='bbox 670 207 705 244; x_wconf 82' lang='lat' dir='ltr'>sra-</span> 
     </span>
     <span class='ocr_line' id='line_1_3' title="bbox 27 275 705 325; baseline 0.001 -12"><span class='ocrx_word' id='word_1_16' title='bbox 27 280 67 314; x_wconf 86' lang='lat' dir='ltr'>tres</span> <span class='ocrx_word' id='word_1_17' title='bbox 81 276 106 314; x_wconf 85' lang='lat' dir='ltr'>ad</span> <span class='ocrx_word' id='word_1_18' title='bbox 123 276 294 325; x_wconf 86' lang='lat' dir='ltr'>archiepiscopum</span> <span class='ocrx_word' id='word_1_19' title='bbox 309 275 394 315; x_wconf 86' lang='lat' dir='ltr'>civitatis</span> <span class='ocrx_word' id='word_1_20' title='bbox 409 276 517 320; x_wconf 85' lang='lat' dir='ltr'>introeunt,</span> <span class='ocrx_word' id='word_1_21' title='bbox 535 275 570 324; x_wconf 87' lang='lat' dir='ltr'>qui</span> <span class='ocrx_word' id='word_1_22' title='bbox 582 277 705 324; x_wconf 86' lang='lat' dir='ltr'>stupetactus</span> 
     </span>
     <span class='ocr_line' id='line_1_4' title="bbox 21 343 705 395; baseline 0.003 -13"><span class='ocrx_word' id='word_1_23' title='bbox 21 351 51 383; x_wconf 76' lang='lat' dir='ltr'>‘ex</span> <span class='ocrx_word' id='word_1_24' title='bbox 64 346 150 384; x_wconf 81' lang='lat' dir='ltr'>novitate</span> <span class='ocrx_word' id='word_1_25' title='bbox 162 346 249 384; x_wconf 81' lang='lat' dir='ltr'>miraculi</span> <span class='ocrx_word' id='word_1_26' title='bbox 261 346 335 384; x_wconf 89' lang='lat' dir='ltr'>clerum</span> <span class='ocrx_word' id='word_1_27' title='bbox 345 350 364 383; x_wconf 89' lang='lat' dir='ltr'>et</span> <span class='ocrx_word' id='word_1_28' title='bbox 376 346 472 395; x_wconf 92' lang='lat' dir='ltr'>populum</span> <span class='ocrx_word' id='word_1_29' title='bbox 485 346 598 393; x_wconf 77' lang='lat' dir='ltr'>vocatjam</span> <span class='ocrx_word' id='word_1_30' title='bbox 608 343 705 384; x_wconf 75' lang='lat' dir='ltr'>enim&#39;lu‘x</span> 
     </span>
     <span class='ocr_line' id='line_1_5' title="bbox 28 414 705 464; baseline 0.001 -12"><span class='ocrx_word' id='word_1_31' title='bbox 28 414 60 452; x_wconf 91' lang='lat' dir='ltr'>illa</span> <span class='ocrx_word' id='word_1_32' title='bbox 72 415 186 464; x_wconf 88' lang='lat' dir='ltr'>quindecim</span> <span class='ocrx_word' id='word_1_33' title='bbox 194 415 264 454; x_wconf 91' lang='lat' dir='ltr'>diebus</span> <span class='ocrx_word' id='word_1_34' title='bbox 274 416 343 453; x_wconf 81' lang='lat' dir='ltr'>iratres</span> <span class='ocrx_word' id='word_1_35' title='bbox 354 419 454 452; x_wconf 85' lang='lat' dir='ltr'>terruerat.</span> <span class='ocrx_word' id='word_1_36' title='bbox 466 414 625 463; x_wconf 85' lang='lat' dir='ltr'>Veniensitaque</span> <span class='ocrx_word' id='word_1_37' title='bbox 635 415 705 453; x_wconf 85' lang='lat' dir='ltr'>archie-</span> 
     </span>
     <span class='ocr_line' id='line_1_6' title="bbox 28 485 704 534; baseline 0 -11"><span class='ocrx_word' id='word_1_38' title='bbox 28 485 121 534; x_wconf 89' lang='lat' dir='ltr'>piscopus</span> <span class='ocrx_word' id='word_1_39' title='bbox 134 485 304 534; x_wconf 77' lang='lat' dir='ltr'>processionaliter</span> <span class='ocrx_word' id='word_1_40' title='bbox 319 485 425 523; x_wconf 77' lang='lat' dir='ltr'>comitatus</span> <span class='ocrx_word' id='word_1_41' title='bbox 438 485 530 534; x_wconf 85' lang='lat' dir='ltr'>religiosa</span> <span class='ocrx_word' id='word_1_42' title='bbox 540 496 619 533; x_wconf 84' lang='lat' dir='ltr'>pompa,</span> <span class='ocrx_word' id='word_1_43' title='bbox 633 486 704 524; x_wconf 80' lang='lat' dir='ltr'>auferri</span> 
     </span>
     <span class='ocr_line' id='line_1_7' title="bbox 25 552 705 604; baseline 0.001 -12"><span class='ocrx_word' id='word_1_44' title='bbox 25 555 82 604; x_wconf 85' lang='lat' dir='ltr'>jubet</span> <span class='ocrx_word' id='word_1_45' title='bbox 93 555 177 604; x_wconf 79' lang='lat' dir='ltr'>lapidem</span> <span class='ocrx_word' id='word_1_46' title='bbox 200 555 356 604; x_wconf 89' lang='lat' dir='ltr'>superpositum,</span> <span class='ocrx_word' id='word_1_47' title='bbox 378 555 448 604; x_wconf 76' lang='lat' dir='ltr'>flagrat</span> <span class='ocrx_word' id='word_1_48' title='bbox 465 555 515 593; x_wconf 89' lang='lat' dir='ltr'>odor</span> <span class='ocrx_word' id='word_1_49' title='bbox 529 554 609 598; x_wconf 85' lang='lat' dir='ltr'>nimius,</span> <span class='ocrx_word' id='word_1_50' title='bbox 628 560 647 592; x_wconf 92' lang='lat' dir='ltr'>et</span> <span class='ocrx_word' id='word_1_51' title='bbox 659 552 705 593; x_wconf 85' lang='lat' dir='ltr'>ossa</span> 
     </span>
     <span class='ocr_line' id='line_1_8' title="bbox 28 622 706 673; baseline 0.001 -11"><span class='ocrx_word' id='word_1_52' title='bbox 28 625 108 662; x_wconf 87' lang='lat' dir='ltr'>rutilant</span> <span class='ocrx_word' id='word_1_53' title='bbox 130 626 184 664; x_wconf 92' lang='lat' dir='ltr'>velut</span> <span class='ocrx_word' id='word_1_54' title='bbox 203 636 281 663; x_wconf 91' lang='lat' dir='ltr'>aurum.</span> <span class='ocrx_word' id='word_1_55' title='bbox 298 624 464 673; x_wconf 86' lang='lat' dir='ltr'>Archiepiscopus</span> <span class='ocrx_word' id='word_1_56' title='bbox 479 636 525 662; x_wconf 90' lang='lat' dir='ltr'>vero</span> <span class='ocrx_word' id='word_1_57' title='bbox 544 622 706 673; x_wconf 85' lang='lat' dir='ltr'>religiosissimus</span> 
     </span>
     <span class='ocr_line' id='line_1_9' title="bbox 29 694 706 744; baseline 0 -12"><span class='ocrx_word' id='word_1_58' title='bbox 29 705 102 744; x_wconf 90' lang='lat' dir='ltr'>corpus</span> <span class='ocrx_word' id='word_1_59' title='bbox 111 706 189 733; x_wconf 88' lang='lat' dir='ltr'>sacrum</span> <span class='ocrx_word' id='word_1_60' title='bbox 201 695 221 733; x_wconf 89' lang='lat' dir='ltr'>in</span> <span class='ocrx_word' id='word_1_61' title='bbox 233 695 327 743; x_wconf 88' lang='lat' dir='ltr'>capellam</span> <span class='ocrx_word' id='word_1_62' title='bbox 338 694 401 743; x_wconf 89' lang='lat' dir='ltr'>ponit,</span> <span class='ocrx_word' id='word_1_63' title='bbox 420 694 495 743; x_wconf 89' lang='lat' dir='ltr'>jubens</span> <span class='ocrx_word' id='word_1_64' title='bbox 513 698 536 732; x_wconf 90' lang='lat' dir='ltr'>ut</span> <span class='ocrx_word' id='word_1_65' title='bbox 549 698 617 732; x_wconf 88' lang='lat' dir='ltr'>tantus</span> <span class='ocrx_word' id='word_1_66' title='bbox 628 696 706 733; x_wconf 85' lang='lat' dir='ltr'>thesau-</span> 
     </span>
     <span class='ocr_line' id='line_1_10' title="bbox 29 762 705 813; baseline -0.001 -11"><span class='ocrx_word' id='word_1_67' title='bbox 29 775 63 802; x_wconf 86' lang='lat' dir='ltr'>rus</span> <span class='ocrx_word' id='word_1_68' title='bbox 84 764 201 802; x_wconf 90' lang='lat' dir='ltr'>cumomni</span> <span class='ocrx_word' id='word_1_69' title='bbox 224 762 326 813; x_wconf 72' lang='lat' dir='ltr'>diligentia</span> <span class='ocrx_word' id='word_1_70' title='bbox 351 767 462 801; x_wconf 85' lang='lat' dir='ltr'>servaretur</span> <span class='ocrx_word' id='word_1_71' title='bbox 478 762 516 813; x_wconf 91' lang='lat'><em>(1).</em></span> <span class='ocrx_word' id='word_1_72' title='bbox 537 763 595 801; x_wconf 87' lang='lat' dir='ltr'>Fiunt</span> <span class='ocrx_word' id='word_1_73' title='bbox 624 762 705 802; x_wconf 71' lang='lat' dir='ltr'>&#39;interim</span> 
     </span>
     <span class='ocr_line' id='line_1_11' title="bbox 22 832 706 883; baseline 0 -12"><span class='ocrx_word' id='word_1_74' title='bbox 22 833 122 872; x_wconf 26' lang='lat' dir='ltr'>[miracula</span> <span class='ocrx_word' id='word_1_75' title='bbox 134 845 178 883; x_wconf 85' lang='lat' dir='ltr'>quae</span> <span class='ocrx_word' id='word_1_76' title='bbox 190 838 270 883; x_wconf 82' lang='lat' dir='ltr'>propter</span> <span class='ocrx_word' id='word_1_77' title='bbox 279 832 387 883; x_wconf 90' lang='lat' dir='ltr'>legentium</span> <span class='ocrx_word' id='word_1_78' title='bbox 398 832 480 872; x_wconf 83' lang='lat' dir='ltr'>taedium</span> <span class='ocrx_word' id='word_1_79' title='bbox 494 832 574 871; x_wconf 84' lang='lat' dir='ltr'>omitto.</span> <span class='ocrx_word' id='word_1_80' title='bbox 587 832 628 870; x_wconf 87' lang='lat' dir='ltr'>Hoc</span> <span class='ocrx_word' id='word_1_81' title='bbox 639 832 706 871; x_wconf 81' lang='lat' dir='ltr'>autern</span> 
     </span>
     <span class='ocr_line' id='line_1_12' title="bbox 29 902 707 952; baseline -0.003 -11"><span class='ocrx_word' id='word_1_82' title='bbox 29 903 102 941; x_wconf 85' lang='lat' dir='ltr'>lactum</span> <span class='ocrx_word' id='word_1_83' title='bbox 114 904 162 942; x_wconf 88' lang='lat' dir='ltr'>mihi</span> <span class='ocrx_word' id='word_1_84' title='bbox 176 904 284 941; x_wconf 86' lang='lat' dir='ltr'>retulerunt</span> <span class='ocrx_word' id='word_1_85' title='bbox 298 904 338 942; x_wconf 92' lang='lat' dir='ltr'>duo</span> <span class='ocrx_word' id='word_1_86' title='bbox 354 903 462 941; x_wconf 89' lang='lat' dir='ltr'>venerandi</span> <span class='ocrx_word' id='word_1_87' title='bbox 479 907 544 952; x_wconf 88' lang='lat' dir='ltr'>patres</span> <span class='ocrx_word' id='word_1_88' title='bbox 557 902 619 941; x_wconf 89' lang='lat' dir='ltr'>nostri</span> <span class='ocrx_word' id='word_1_89' title='bbox 634 902 707 941; x_wconf 84' lang='lat' dir='ltr'>Burde-</span> 
     </span>
     <span class='ocr_line' id='line_1_13' title="bbox 30 972 708 1022; baseline -0.001 -12"><span class='ocrx_word' id='word_1_90' title='bbox 30 972 117 1022; x_wconf 89' lang='lat' dir='ltr'>galensis</span> <span class='ocrx_word' id='word_1_91' title='bbox 141 973 234 1017; x_wconf 85' lang='lat' dir='ltr'>eoenobii,</span> <span class='ocrx_word' id='word_1_92' title='bbox 256 984 342 1021; x_wconf 88' lang='lat' dir='ltr'>quorum</span> <span class='ocrx_word' id='word_1_93' title='bbox 364 973 412 1010; x_wconf 88' lang='lat' dir='ltr'>alter</span> <span class='ocrx_word' id='word_1_94' title='bbox 430 976 470 1010; x_wconf 86' lang='lat' dir='ltr'>erat</span> <span class='ocrx_word' id='word_1_95' title='bbox 481 976 561 1010; x_wconf 83' lang='lat' dir='ltr'>centum</span> <span class='ocrx_word' id='word_1_96' title='bbox 578 983 676 1010; x_wconf 87' lang='lat' dir='ltr'>annorum</span> <span class='ocrx_word' id='word_1_97' title='bbox 689 977 708 1009; x_wconf 90' lang='lat' dir='ltr'>et</span> 
     </span>
     <span class='ocr_line' id='line_1_14' title="bbox 29 1041 707 1092; baseline 0 -12"><span class='ocrx_word' id='word_1_98' title='bbox 29 1042 122 1092; x_wconf 87' lang='lat' dir='ltr'>amplius,</span> <span class='ocrx_word' id='word_1_99' title='bbox 136 1043 200 1081; x_wconf 88' lang='lat' dir='ltr'>dictus</span> <span class='ocrx_word' id='word_1_100' title='bbox 213 1044 272 1081; x_wconf 84' lang='lat' dir='ltr'>trater</span> <span class='ocrx_word' id='word_1_101' title='bbox 283 1043 352 1081; x_wconf 90' lang='lat' dir='ltr'>Petrus</span> <span class='ocrx_word' id='word_1_102' title='bbox 372 1041 464 1090; x_wconf 83' lang='lat' dir='ltr'>Comitis,</span> <span class='ocrx_word' id='word_1_103' title='bbox 476 1043 524 1080; x_wconf 88' lang='lat' dir='ltr'>alter</span> <span class='ocrx_word' id='word_1_104' title='bbox 536 1053 582 1081; x_wconf 89' lang='lat' dir='ltr'>vero</span> <span class='ocrx_word' id='word_1_105' title='bbox 598 1041 707 1092; x_wconf 76' lang='lat' dir='ltr'>nonaginta</span> 
     </span>
     <span class='ocr_line' id='line_1_15' title="bbox 23 1111 709 1160; baseline -0.001 -10"><span class='ocrx_word' id='word_1_106' title='bbox 23 1113 59 1150; x_wconf 81' lang='lat' dir='ltr'>&#39;vel</span> <span class='ocrx_word' id='word_1_107' title='bbox 73 1111 148 1151; x_wconf 86' lang='lat' dir='ltr'>circiter</span> <span class='ocrx_word' id='word_1_108' title='bbox 164 1124 272 1156; x_wconf 87' lang='lat' dir='ltr'>annorum,</span> <span class='ocrx_word' id='word_1_109' title='bbox 285 1112 350 1151; x_wconf 88' lang='lat' dir='ltr'>dictus</span> <span class='ocrx_word' id='word_1_110' title='bbox 363 1113 421 1150; x_wconf 84' lang='lat' dir='ltr'>irater</span> <span class='ocrx_word' id='word_1_111' title='bbox 433 1112 532 1160; x_wconf 80' lang='lat' dir='ltr'>lohannes</span> <span class='ocrx_word' id='word_1_112' title='bbox 547 1112 618 1151; x_wconf 85' lang='lat' dir='ltr'>Fortis.</span> <span class='ocrx_word' id='word_1_113' title='bbox 629 1113 667 1151; x_wconf 89' lang='lat' dir='ltr'>lsto</span> <span class='ocrx_word' id='word_1_114' title='bbox 676 1122 709 1150; x_wconf 89' lang='lat' dir='ltr'>ve-</span> 
     </span>
     <span class='ocr_line' id='line_1_16' title="bbox 29 1181 709 1232; baseline -0.001 -12"><span class='ocrx_word' id='word_1_115' title='bbox 29 1193 51 1220; x_wconf 92' lang='lat' dir='ltr'>ro</span> <span class='ocrx_word' id='word_1_116' title='bbox 67 1193 120 1220; x_wconf 90' lang='lat' dir='ltr'>anno</span> <span class='ocrx_word' id='word_1_117' title='bbox 135 1183 168 1231; x_wconf 88' lang='lat' dir='ltr'>qui</span> <span class='ocrx_word' id='word_1_118' title='bbox 189 1188 219 1221; x_wconf 92' lang='lat' dir='ltr'>est</span> <span class='ocrx_word' id='word_1_119' title='bbox 231 1181 350 1221; x_wconf 86' lang='lat' dir='ltr'>millesimus</span> <span class='ocrx_word' id='word_1_120' title='bbox 372 1182 554 1231; x_wconf 85' lang='lat' dir='ltr'>quingentesimus,</span> <span class='ocrx_word' id='word_1_121' title='bbox 573 1184 632 1220; x_wconf 85' lang='lat' dir='ltr'>irater</span> <span class='ocrx_word' id='word_1_122' title='bbox 643 1182 709 1232; x_wconf 74' lang='lat' dir='ltr'>Auge</span> 
     </span>
     <span class='ocr_line' id='line_1_17' title="bbox 29 1251 708 1302; baseline -0.003 -12"><span class='ocrx_word' id='word_1_123' title='bbox 29 1251 69 1290; x_wconf 86' lang='lat' dir='ltr'>rius</span> <span class='ocrx_word' id='word_1_124' title='bbox 78 1251 103 1290; x_wconf 94' lang='lat' dir='ltr'>de</span> <span class='ocrx_word' id='word_1_125' title='bbox 119 1251 188 1290; x_wconf 80' lang='lat' dir='ltr'>Vincis</span> <span class='ocrx_word' id='word_1_126' title='bbox 205 1263 221 1291; x_wconf 90' lang='lat' dir='ltr'>s.</span> <span class='ocrx_word' id='word_1_127' title='bbox 237 1252 344 1302; x_wconf 80' lang='lat' dir='ltr'>theologiae</span> <span class='ocrx_word' id='word_1_128' title='bbox 357 1252 429 1290; x_wconf 81' lang='lat' dir='ltr'>doctor&#39;</span> <span class='ocrx_word' id='word_1_129' title='bbox 442 1251 577 1299; x_wconf 81' lang='lat' dir='ltr'>honestiorem</span> <span class='ocrx_word' id='word_1_130' title='bbox 590 1252 626 1289; x_wconf 92' lang='lat' dir='ltr'>sibi</span> <span class='ocrx_word' id='word_1_131' title='bbox 644 1251 708 1301; x_wconf 89' lang='lat' dir='ltr'>capel-</span> 
     </span>
     <span class='ocr_line' id='line_1_18' title="bbox 29 1321 707 1371; baseline 0.003 -13"><span class='ocrx_word' id='word_1_132' title='bbox 29 1322 68 1359; x_wconf 90' lang='lat' dir='ltr'>lam</span> <span class='ocrx_word' id='word_1_133' title='bbox 81 1326 100 1359; x_wconf 92' lang='lat' dir='ltr'>et</span> <span class='ocrx_word' id='word_1_134' title='bbox 109 1323 202 1360; x_wconf 87' lang='lat' dir='ltr'>sacellum</span> <span class='ocrx_word' id='word_1_135' title='bbox 210 1321 313 1360; x_wconf 83' lang='lat' dir='ltr'>aedificavit</span> <span class='ocrx_word' id='word_1_136' title='bbox 324 1322 344 1360; x_wconf 91' lang='lat' dir='ltr'>in</span> <span class='ocrx_word' id='word_1_137' title='bbox 352 1322 422 1360; x_wconf 92' lang='lat' dir='ltr'>eodem</span> <span class='ocrx_word' id='word_1_138' title='bbox 430 1321 571 1371; x_wconf 75' lang='lat' dir='ltr'>burdegalensi</span> <span class='ocrx_word' id='word_1_139' title='bbox 585 1322 685 1360; x_wconf 82' lang='lat' dir='ltr'>coenobio.</span> <span class='ocrx_word' id='word_1_140' title='bbox 696 1334 707 1360; x_wconf 82' lang='grc'>1)</span> 
     </span>
     <span class='ocr_line' id='line_1_19' title="bbox 23 1391 706 1442; baseline 0 -12"><span class='ocrx_word' id='word_1_141' title='bbox 23 1426 29 1429; x_wconf 84' lang='grc'><strong>.</strong></span> <span class='ocrx_word' id='word_1_142' title='bbox 55 1393 183 1442; x_wconf 75' lang='lat' dir='ltr'>Anno1430</span> <span class='ocrx_word' id='word_1_143' title='bbox 198 1403 238 1441; x_wconf 88' lang='lat' dir='ltr'>quo</span> <span class='ocrx_word' id='word_1_144' title='bbox 246 1392 346 1440; x_wconf 76' lang='lat' dir='ltr'>johannes</span> <span class='ocrx_word' id='word_1_145' title='bbox 361 1391 429 1430; x_wconf 87' lang='lat' dir='ltr'>Grossi</span> <span class='ocrx_word' id='word_1_146' title='bbox 448 1391 569 1430; x_wconf 81' lang='lat' dir='ltr'>Viridarium</span> <span class='ocrx_word' id='word_1_147' title='bbox 584 1392 706 1441; x_wconf 86' lang='lat' dir='ltr'>composuit,</span> 
     </span>
     <span class='ocr_line' id='line_1_20' title="bbox 29 1460 706 1511; baseline 0 -12"><span class='ocrx_word' id='word_1_148' title='bbox 29 1460 97 1500; x_wconf 89' lang='lat' dir='ltr'>Simon</span> <span class='ocrx_word' id='word_1_149' title='bbox 106 1461 167 1500; x_wconf 84' lang='lat' dir='ltr'>Stock</span> <span class='ocrx_word' id='word_1_150' title='bbox 175 1461 267 1500; x_wconf 92' lang='lat' dir='ltr'>nondum</span> <span class='ocrx_word' id='word_1_151' title='bbox 277 1462 331 1500; x_wconf 91' lang='lat' dir='ltr'>cultu</span> <span class='ocrx_word' id='word_1_152' title='bbox 343 1460 474 1500; x_wconf 85' lang='lat' dir='ltr'>ecclesiastico</span> <span class='ocrx_word' id='word_1_153' title='bbox 485 1461 623 1506; x_wconf 80' lang='lat' dir='ltr'>venerabatur,</span> <span class='ocrx_word' id='word_1_154' title='bbox 636 1461 706 1511; x_wconf 86' lang='lat' dir='ltr'>quam-</span> 
     </span>
     <span class='ocr_line' id='line_1_21' title="bbox 30 1531 709 1581; baseline 0 -11"><span class='ocrx_word' id='word_1_155' title='bbox 30 1532 60 1570; x_wconf 94' lang='lat' dir='ltr'>vis</span> <span class='ocrx_word' id='word_1_156' title='bbox 69 1542 104 1581; x_wconf 89' lang='lat' dir='ltr'>per</span> <span class='ocrx_word' id='word_1_157' title='bbox 114 1536 180 1570; x_wconf 90' lang='lat' dir='ltr'>toturn</span> <span class='ocrx_word' id='word_1_158' title='bbox 195 1532 292 1570; x_wconf 87' lang='lat' dir='ltr'>Ordinem</span> <span class='ocrx_word' id='word_1_159' title='bbox 308 1535 388 1570; x_wconf 89' lang='lat' dir='ltr'>sanctus</span> <span class='ocrx_word' id='word_1_160' title='bbox 404 1535 505 1580; x_wconf 84' lang='lat' dir='ltr'>reputatus</span> <span class='ocrx_word' id='word_1_161' title='bbox 517 1531 582 1570; x_wconf 82' lang='lat' dir='ltr'>fuerit.</span> <span class='ocrx_word' id='word_1_162' title='bbox 596 1532 622 1570; x_wconf 81' lang='lat' dir='ltr'>At</span> <span class='ocrx_word' id='word_1_163' title='bbox 635 1542 709 1581; x_wconf 88' lang='lat' dir='ltr'>paucos</span> 
     </span>
     <span class='ocr_line' id='line_1_22' title="bbox 31 1599 710 1653; baseline 0 -14"><span class='ocrx_word' id='word_1_164' title='bbox 31 1606 76 1650; x_wconf 90' lang='lat' dir='ltr'>post</span> <span class='ocrx_word' id='word_1_165' title='bbox 88 1611 160 1647; x_wconf 74' lang='lat' dir='ltr'>annos,</span> <span class='ocrx_word' id='word_1_166' title='bbox 174 1601 247 1639; x_wconf 87' lang='lat' dir='ltr'>scilicet</span> <span class='ocrx_word' id='word_1_167' title='bbox 259 1612 316 1652; x_wconf 72' lang='lat'>1435,</span> <span class='ocrx_word' id='word_1_168' title='bbox 330 1606 381 1639; x_wconf 89' lang='lat' dir='ltr'>teste</span> <span class='ocrx_word' id='word_1_169' title='bbox 393 1601 465 1639; x_wconf 86' lang='lat' dir='ltr'>lezana</span> <span class='ocrx_word' id='word_1_170' title='bbox 477 1599 508 1653; x_wconf 87' lang='lat'>(2)</span> <span class='ocrx_word' id='word_1_171' title='bbox 517 1601 559 1649; x_wconf 77' lang='lat' dir='ltr'>eius</span> <span class='ocrx_word' id='word_1_172' title='bbox 571 1602 646 1639; x_wconf 86' lang='lat' dir='ltr'>festum</span> <span class='ocrx_word' id='word_1_173' title='bbox 658 1602 677 1639; x_wconf 91' lang='lat' dir='ltr'>in</span> <span class='ocrx_word' id='word_1_174' title='bbox 690 1601 710 1639; x_wconf 94' lang='lat' dir='ltr'>li-</span> 
     </span>
    </p>
   </div>
   <div class='ocr_carea' id='block_1_3' title="bbox 26 1780 713 2477">
    <p class='ocr_par' dir='ltr' id='par_1_3' title="bbox 26 1780 713 2477">
     <span class='ocr_line' id='line_1_23' title="bbox 52 1780 710 1825; baseline -0.002 -10"><span class='ocrx_word' id='word_1_175' title='bbox 52 1782 81 1824; x_wconf 82' lang='lat'>(1)</span> <span class='ocrx_word' id='word_1_176' title='bbox 94 1782 133 1815; x_wconf 87' lang='lat' dir='ltr'>MS.</span> <span class='ocrx_word' id='word_1_177' title='bbox 145 1781 213 1825; x_wconf 85' lang='lat' dir='ltr'>Harley</span> <span class='ocrx_word' id='word_1_178' title='bbox 228 1782 276 1825; x_wconf 83' lang='lat'>1819,</span> <span class='ocrx_word' id='word_1_179' title='bbox 290 1781 321 1815; x_wconf 78' lang='lat' dir='ltr'>iol.</span> <span class='ocrx_word' id='word_1_180' title='bbox 332 1782 362 1814; x_wconf 77' lang='lat'>132</span> <span class='ocrx_word' id='word_1_181' title='bbox 373 1793 388 1815; x_wconf 84' lang='lat' dir='ltr'>a.</span> <span class='ocrx_word' id='word_1_182' title='bbox 397 1780 447 1815; x_wconf 84' lang='lat' dir='ltr'>Alias</span> <span class='ocrx_word' id='word_1_183' title='bbox 457 1792 523 1825; x_wconf 83' lang='lat' dir='ltr'>corpus</span> <span class='ocrx_word' id='word_1_184' title='bbox 531 1782 548 1815; x_wconf 83' lang='lat' dir='ltr'>S.</span> <span class='ocrx_word' id='word_1_185' title='bbox 557 1781 710 1816; x_wconf 85' lang='lat' dir='ltr'>Simonisdicirur</span> 
     </span>
     <span class='ocr_line' id='line_1_24' title="bbox 32 1840 710 1885; baseline 0.003 -13"><span class='ocrx_word' id='word_1_186' title='bbox 32 1853 39 1872; x_wconf 79' lang='lat' dir='ltr'>a</span> <span class='ocrx_word' id='word_1_187' title='bbox 50 1841 151 1885; x_wconf 83' lang='lat' dir='ltr'>piperatum</span> <span class='ocrx_word' id='word_1_188' title='bbox 165 1853 172 1872; x_wconf 81' lang='grc'>1</span> <span class='ocrx_word' id='word_1_189' title='bbox 183 1840 195 1873; x_wconf 85' lang='grc'>1.</span> <span class='ocrx_word' id='word_1_190' title='bbox 206 1840 286 1885; x_wconf 79' lang='lat' dir='ltr'>e.quasi</span> <span class='ocrx_word' id='word_1_191' title='bbox 300 1841 413 1874; x_wconf 83' lang='lat' dir='ltr'>aromatibus</span> <span class='ocrx_word' id='word_1_192' title='bbox 425 1841 525 1874; x_wconf 87' lang='lat' dir='ltr'>conditum.</span> <span class='ocrx_word' id='word_1_193' title='bbox 534 1840 606 1875; x_wconf 79' lang='lat' dir='ltr'>Relatio</span> <span class='ocrx_word' id='word_1_194' title='bbox 614 1841 647 1875; x_wconf 87' lang='lat' dir='ltr'>ista</span> <span class='ocrx_word' id='word_1_195' title='bbox 655 1852 710 1885; x_wconf 87' lang='lat' dir='ltr'>quam</span> 
     </span>
     <span class='ocr_line' id='line_1_25' title="bbox 32 1899 688 1943; baseline 0.005 -12"><span class='ocrx_word' id='word_1_196' title='bbox 32 1900 128 1933; x_wconf 83' lang='lat' dir='ltr'>Menaldus</span> <span class='ocrx_word' id='word_1_197' title='bbox 134 1901 156 1933; x_wconf 85' lang='lat' dir='ltr'>ab</span> <span class='ocrx_word' id='word_1_198' title='bbox 163 1900 199 1933; x_wconf 91' lang='lat' dir='ltr'>illis</span> <span class='ocrx_word' id='word_1_199' title='bbox 206 1899 293 1933; x_wconf 83' lang='lat' dir='ltr'>iratribus</span> <span class='ocrx_word' id='word_1_200' title='bbox 299 1899 370 1943; x_wconf 82' lang='lat' dir='ltr'>accepit</span> <span class='ocrx_word' id='word_1_201' title='bbox 377 1899 471 1933; x_wconf 82' lang='lat' dir='ltr'>manifeste</span> <span class='ocrx_word' id='word_1_202' title='bbox 478 1908 586 1943; x_wconf 78' lang='lat' dir='ltr'>exaggerata</span> <span class='ocrx_word' id='word_1_203' title='bbox 598 1910 632 1934; x_wconf 87' lang='lat' dir='ltr'>est.</span> <span class='ocrx_word' id='word_1_204' title='bbox 685 1907 688 1910; x_wconf 84' lang='lat'>&#39;</span> 
     </span>
     <span class='ocr_line' id='line_1_26' title="bbox 26 1960 710 2004; baseline 0.001 -12"><span class='ocrx_word' id='word_1_205' title='bbox 26 1963 28 1965; x_wconf 85' lang='lat'>&#39;</span> <span class='ocrx_word' id='word_1_206' title='bbox 53 1960 82 2003; x_wconf 82' lang='lat' dir='ltr'>(a)</span> <span class='ocrx_word' id='word_1_207' title='bbox 96 1960 164 1993; x_wconf 85' lang='lat' dir='ltr'>Annal.</span> <span class='ocrx_word' id='word_1_208' title='bbox 178 1960 343 2003; x_wconf 73' lang='lat' dir='ltr'>1V,3865pecul,</span> <span class='ocrx_word' id='word_1_209' title='bbox 358 1960 436 1993; x_wconf 85' lang='lat' dir='ltr'>Carmel.</span> <span class='ocrx_word' id='word_1_210' title='bbox 453 1961 466 1999; x_wconf 92' lang='lat' dir='ltr'>l,</span> <span class='ocrx_word' id='word_1_211' title='bbox 484 1961 521 2002; x_wconf 78' lang='lat'>139,</span> <span class='ocrx_word' id='word_1_212' title='bbox 539 1971 557 1993; x_wconf 91' lang='lat' dir='ltr'>n.</span> <span class='ocrx_word' id='word_1_213' title='bbox 574 1961 613 2004; x_wconf 79' lang='lat'>599.</span> <span class='ocrx_word' id='word_1_214' title='bbox 628 1961 710 2004; x_wconf 70' lang='grc'>61111110</span> 
     </span>
     <span class='ocr_line' id='line_1_27' title="bbox 31 2018 709 2063; baseline 0.001 -12"><span class='ocrx_word' id='word_1_215' title='bbox 31 2018 125 2051; x_wconf 75' lang='lat' dir='ltr'>iohannes</span> <span class='ocrx_word' id='word_1_216' title='bbox 135 2018 197 2052; x_wconf 88' lang='lat' dir='ltr'>Grossi</span> <span class='ocrx_word' id='word_1_217' title='bbox 209 2018 253 2052; x_wconf 86' lang='lat' dir='ltr'>dicit</span> <span class='ocrx_word' id='word_1_218' title='bbox 267 2019 289 2051; x_wconf 89' lang='lat' dir='ltr'>de</span> <span class='ocrx_word' id='word_1_219' title='bbox 303 2020 321 2053; x_wconf 86' lang='lat' dir='ltr'>S.</span> <span class='ocrx_word' id='word_1_220' title='bbox 332 2019 408 2052; x_wconf 79' lang='lat' dir='ltr'>Alberto</span> <span class='ocrx_word' id='word_1_221' title='bbox 423 2018 477 2060; x_wconf 89' lang='lat' dir='ltr'>(ibid.</span> <span class='ocrx_word' id='word_1_222' title='bbox 492 2020 507 2061; x_wconf 87' lang='grc' dir='ltr'>Ι,</span> <span class='ocrx_word' id='word_1_223' title='bbox 522 2030 560 2061; x_wconf 79' lang='lat'>140,</span> <span class='ocrx_word' id='word_1_224' title='bbox 571 2030 588 2053; x_wconf 91' lang='grc'>11,</span> <span class='ocrx_word' id='word_1_225' title='bbox 605 2019 644 2061; x_wconf 76' lang='grc'>6021</span> <span class='ocrx_word' id='word_1_226' title='bbox 656 2020 709 2063; x_wconf 79' lang='lat' dir='ltr'>cujus</span> 
     </span>
     <span class='ocr_line' id='line_1_28' title="bbox 32 2075 710 2121; baseline 0.003 -12"><span class='ocrx_word' id='word_1_227' title='bbox 32 2075 105 2119; x_wconf 70' lang='lat' dir='ltr'>festum,</span> <span class='ocrx_word' id='word_1_228' title='bbox 118 2077 201 2121; x_wconf 86' lang='lat' dir='ltr'>quamvis</span> <span class='ocrx_word' id='word_1_229' title='bbox 215 2077 333 2111; x_wconf 82' lang='lat' dir='ltr'>canonizatus</span> <span class='ocrx_word' id='word_1_230' title='bbox 345 2079 427 2111; x_wconf 89' lang='lat' dir='ltr'>nondum</span> <span class='ocrx_word' id='word_1_231' title='bbox 443 2086 495 2117; x_wconf 86' lang='lat' dir='ltr'>esset,</span> <span class='ocrx_word' id='word_1_232' title='bbox 509 2078 531 2110; x_wconf 87' lang='lat' dir='ltr'>ab</span> <span class='ocrx_word' id='word_1_233' title='bbox 547 2089 595 2111; x_wconf 88' lang='lat' dir='ltr'>anno</span> <span class='ocrx_word' id='word_1_234' title='bbox 613 2089 710 2120; x_wconf 79' lang='lat' dir='ltr'>1411an</span> 
     </span>
     <span class='ocr_line' id='line_1_29' title="bbox 32 2136 710 2180; baseline 0.003 -12"><span class='ocrx_word' id='word_1_235' title='bbox 32 2136 131 2170; x_wconf 87' lang='lat' dir='ltr'>devotione</span> <span class='ocrx_word' id='word_1_236' title='bbox 144 2151 152 2168; x_wconf 77' lang='grc'>11</span> <span class='ocrx_word' id='word_1_237' title='bbox 163 2137 256 2180; x_wconf 83' lang='lat' dir='ltr'>agebatur.</span> <span class='ocrx_word' id='word_1_238' title='bbox 270 2137 357 2170; x_wconf 86' lang='lat' dir='ltr'>Officium</span> <span class='ocrx_word' id='word_1_239' title='bbox 375 2137 505 2179; x_wconf 84' lang='lat' dir='ltr'>Burdigalense</span> <span class='ocrx_word' id='word_1_240' title='bbox 515 2144 563 2171; x_wconf 77' lang='lat' dir='ltr'>extat</span> <span class='ocrx_word' id='word_1_241' title='bbox 578 2138 626 2180; x_wconf 86' lang='lat' dir='ltr'>apud</span> <span class='ocrx_word' id='word_1_242' title='bbox 639 2137 710 2178; x_wconf 83' lang='lat' dir='ltr'>Daniel,</span> 
     </span>
     <span class='ocr_line' id='line_1_30' title="bbox 35 2193 710 2241; baseline 0.003 -14"><span class='ocrx_word' id='word_1_243' title='bbox 35 2194 91 2229; x_wconf 86' lang='lat' dir='ltr'>Vinea</span> <span class='ocrx_word' id='word_1_244' title='bbox 105 2196 193 2237; x_wconf 71' lang='grc'>0111111011,</span> <span class='ocrx_word' id='word_1_245' title='bbox 207 2197 227 2230; x_wconf 89' lang='lat' dir='ltr'>P.</span> <span class='ocrx_word' id='word_1_246' title='bbox 242 2196 283 2239; x_wconf 81' lang='lat'><em>431,</em></span> <span class='ocrx_word' id='word_1_247' title='bbox 297 2197 329 2229; x_wconf 85' lang='lat' dir='ltr'>sed</span> <span class='ocrx_word' id='word_1_248' title='bbox 345 2196 404 2229; x_wconf 90' lang='lat' dir='ltr'>editor</span> <span class='ocrx_word' id='word_1_249' title='bbox 414 2196 577 2239; x_wconf 87' lang='lat' dir='ltr'>reprehendendus</span> <span class='ocrx_word' id='word_1_250' title='bbox 588 2205 616 2230; x_wconf 85' lang='lat' dir='ltr'>est</span> <span class='ocrx_word' id='word_1_251' title='bbox 625 2207 647 2230; x_wconf 93' lang='lat' dir='ltr'>eo</span> <span class='ocrx_word' id='word_1_252' title='bbox 660 2193 710 2241; x_wconf 85' lang='lat' dir='ltr'>quod</span> 
     </span>
     <span class='ocr_line' id='line_1_31' title="bbox 32 2241 710 2299; baseline 0.003 -14"><span class='ocrx_word' id='word_1_253' title='bbox 32 2241 72 2288; x_wconf 85' lang='lat' dir='ltr'>loco</span> <span class='ocrx_word' id='word_1_254' title='bbox 85 2254 186 2288; x_wconf 86' lang='lat' dir='ltr'>lectionum</span> <span class='ocrx_word' id='word_1_255' title='bbox 198 2255 322 2299; x_wconf 87' lang='lat' dir='ltr'>antiquarum,</span> <span class='ocrx_word' id='word_1_256' title='bbox 339 2266 384 2298; x_wconf 83' lang='lat' dir='ltr'>quas</span> <span class='ocrx_word' id='word_1_257' title='bbox 398 2265 452 2298; x_wconf 84' lang='lat' dir='ltr'>supra</span> <span class='ocrx_word' id='word_1_258' title='bbox 466 2255 527 2288; x_wconf 82' lang='lat' dir='ltr'>littera</span> <span class='ocrx_word' id='word_1_259' title='bbox 540 2256 555 2288; x_wconf 91' lang='lat' dir='ltr'>D</span> <span class='ocrx_word' id='word_1_260' title='bbox 570 2255 669 2299; x_wconf 82' lang='lat' dir='ltr'>designavi,</span> <span class='ocrx_word' id='word_1_261' title='bbox 681 2256 710 2288; x_wconf 90' lang='lat' dir='ltr'>vel</span> 
     </span>
     <span class='ocr_line' id='line_1_32' title="bbox 33 2313 712 2356; baseline 0 -10"><span class='ocrx_word' id='word_1_262' title='bbox 33 2322 77 2355; x_wconf 82' lang='lat' dir='ltr'>quas</span> <span class='ocrx_word' id='word_1_263' title='bbox 90 2314 182 2347; x_wconf 82' lang='lat' dir='ltr'>Roiandus</span> <span class='ocrx_word' id='word_1_264' title='bbox 192 2313 285 2347; x_wconf 87' lang='lat' dir='ltr'>Bouchier</span> <span class='ocrx_word' id='word_1_265' title='bbox 294 2325 316 2347; x_wconf 79' lang='lat' dir='ltr'>ex</span> <span class='ocrx_word' id='word_1_266' title='bbox 329 2314 415 2347; x_wconf 83' lang='lat' dir='ltr'>Menaldo</span> <span class='ocrx_word' id='word_1_267' title='bbox 422 2314 444 2346; x_wconf 87' lang='lat' dir='ltr'>de</span> <span class='ocrx_word' id='word_1_268' title='bbox 454 2313 534 2347; x_wconf 84' lang='lat' dir='ltr'>Rosariis</span> <span class='ocrx_word' id='word_1_269' title='bbox 544 2314 629 2356; x_wconf 80' lang='lat' dir='ltr'>coniecit,</span> <span class='ocrx_word' id='word_1_270' title='bbox 639 2314 712 2347; x_wconf 88' lang='lat' dir='ltr'>moder-</span> 
     </span>
     <span class='ocr_line' id='line_1_33' title="bbox 34 2369 711 2417; baseline 0.004 -14"><span class='ocrx_word' id='word_1_271' title='bbox 34 2380 65 2404; x_wconf 87' lang='lat' dir='ltr'>nas</span> <span class='ocrx_word' id='word_1_272' title='bbox 74 2371 195 2406; x_wconf 88' lang='lat' dir='ltr'>substituerit.</span> <span class='ocrx_word' id='word_1_273' title='bbox 209 2373 258 2405; x_wconf 90' lang='lat' dir='ltr'>idem</span> <span class='ocrx_word' id='word_1_274' title='bbox 270 2372 350 2405; x_wconf 87' lang='lat' dir='ltr'>officium</span> <span class='ocrx_word' id='word_1_275' title='bbox 363 2369 443 2405; x_wconf 64' lang='lat' dir='ltr'>habetur&gt;</span> <span class='ocrx_word' id='word_1_276' title='bbox 452 2372 472 2405; x_wconf 90' lang='lat' dir='ltr'>in</span> <span class='ocrx_word' id='word_1_277' title='bbox 484 2373 523 2406; x_wconf 85' lang='lat' dir='ltr'>MS.</span> <span class='ocrx_word' id='word_1_278' title='bbox 537 2373 606 2416; x_wconf 88' lang='lat' dir='ltr'>Harley</span> <span class='ocrx_word' id='word_1_279' title='bbox 619 2373 669 2417; x_wconf 86' lang='lat'>1819,</span> <span class='ocrx_word' id='word_1_280' title='bbox 678 2372 711 2407; x_wconf 84' lang='lat' dir='ltr'>fol.</span> 
     </span>
     <span class='ocr_line' id='line_1_34' title="bbox 35 2430 713 2477; baseline 0.003 -13"><span class='ocrx_word' id='word_1_281' title='bbox 35 2430 57 2472; x_wconf 86' lang='lat'>98</span> <span class='ocrx_word' id='word_1_282' title='bbox 67 2432 85 2466; x_wconf 92' lang='lat' dir='ltr'>b.</span> <span class='ocrx_word' id='word_1_283' title='bbox 96 2431 166 2475; x_wconf 90' lang='lat' dir='ltr'>Hymni</span> <span class='ocrx_word' id='word_1_284' title='bbox 183 2432 206 2464; x_wconf 84' lang='lat' dir='ltr'>ad</span> <span class='ocrx_word' id='word_1_285' title='bbox 216 2432 306 2475; x_wconf 82' lang='lat' dir='ltr'>Vesperas</span> <span class='ocrx_word' id='word_1_286' title='bbox 316 2431 380 2477; x_wconf 67' lang='lat' dir='ltr'>[incip.</span> <span class='ocrx_word' id='word_1_287' title='bbox 392 2433 442 2466; x_wconf 87' lang='lat' dir='ltr'>Voce</span> <span class='ocrx_word' id='word_1_288' title='bbox 449 2442 513 2465; x_wconf 85' lang='lat' dir='ltr'>serena</span> <span class='ocrx_word' id='word_1_289' title='bbox 524 2442 631 2466; x_wconf 88' lang='lat' dir='ltr'>resonemus</span> <span class='ocrx_word' id='word_1_290' title='bbox 642 2434 713 2477; x_wconf 82' lang='lat' dir='ltr'>omnes)</span> 
     </span>
    </p>
   </div>
   <div class='ocr_carea' id='block_1_4' title="bbox 569 2513 585 2533">
    <p class='ocr_par' dir='ltr' id='par_1_4' title="bbox 569 2513 585 2533">
     <span class='ocr_line' id='line_1_35' title="bbox 569 2513 585 2533; baseline 0 0"><span class='ocrx_word' id='word_1_291' title='bbox 569 2513 585 2533; x_wconf 85' lang='lat'>21</span> 
     </span>
    </p>
   </div>
   <div class='ocr_carea' id='block_1_5' title="bbox 0 0 820 2703">
    <p class='ocr_par' dir='ltr' id='par_1_5' title="bbox 0 0 820 2703">
     <span class='ocr_line' id='line_1_36' title="bbox 0 0 820 2703; baseline 0 0"><span class='ocrx_word' id='word_1_292' title='bbox 0 0 820 2703; x_wconf 95' lang='lat' dir='ltr'> </span> 
     </span>
    </p>
   </div>
  </div>
 </body>
</html>
