1616 2703
290 114 314 143 oa
324 112 413 143 ouacuco
425 113 519 142 auoauco
697 114 738 155 309

61 186 195 238 stantinopoli,
214 188 312 228 studuerit
323 188 441 228 docuerunt.
457 188 540 228 Gravius
552 193 667 228 erraverunt
681 200 735 234 cum,

62 257 115 296 hulla
134 257 248 296 auctoritate
269 259 321 306 sulti,
346 257 440 309 Cyrillum
461 259 485 296 ab
509 258 628 308 Imperatore
644 258 736 297 Manuele

61 328 165 367 Comneno
176 338 229 366 anno
242 339 291 378 1170
301 328 384 366 Romam
398 327 483 367 missum
495 328 557 366 fuisse
566 327 697 366 affirmarunt.
710 327 737 366 Ex

61 397 109 435 actis
124 396 229 435 Alexandri
246 397 265 435 lll
287 398 319 446 (1)
336 397 410 435 eruitur
425 397 572 447 apocrisiarium
585 397 675 445 (nomine
695 408 736 435 non

61 468 163 515 expresso)
173 465 257 504 missum
267 466 341 513 luisse;
353 466 387 504 sed
402 477 447 504 cum
460 467 574 505 nullatenus
590 466 684 515 probetur
700 465 738 517 Cy-

61 536 126 574 rillum
138 546 234 584 umquam
247 534 419 584 Constantinopoli
434 535 519 584 degisse,
539 532 579 573 vel'
589 546 673 573 munere
690 546 738 584 apo-

61 602 140 643 crisiarii
150 603 275 653 insignitum,
286 605 350 643 multo
364 605 431 642 minus
447 605 507 643 asseri
520 604 587 642 debuit
602 604 668 654 ipsum
686 605 737 642 hanc

61 674 178 724 legationem
198 673 279 713 obiisse.
301 675 372 712 Adhuc
394 674 481 713 severius
501 674 633 723 improbanda
651 679 682 712 est
701 673 738 711 alia

61 743 143 782 assertio
149 743 264 781 auctoritate
273 755 330 793 aeque
339 744 432 782 destituta
443 743 516 785 scilicet
525 743 621 795 Cyrillum
628 743 736 782 soldanum

61 813 119 852 leonii
135 812 231 858 visitasse,
245 813 268 851 ad
280 814 339 852 fidem
352 814 482 858 convertisse,
496 814 576 852 tandem
591 813 702 862 baptizasse
714 824 736 851 ac

62 881 146 932 denique
163 882 277 920 Armeniam
296 882 449 932 evangelizasse.
474 882 573 921 Soldanus
591 882 623 920 ille
643 893 709 920 revera
727 894 737 919 a

61 955 123 990 matre
143 952 261 990 moribunda
281 963 387 1002 persuasus
400 952 524 991 Christianus
539 954 601 990 tactus
614 956 644 990 est
662 956 681 990 et
700 962 737 1001 pro

0 1026 1 1030 ’
61 1021 191 1060 instructione
205 1021 251 1059 ndei
269 1021 342 1060 litteras
361 1021 384 1060 ad
403 1021 539 1060 Alexandrum
558 1021 577 1059 lll
597 1020 679 1066 misit,a
698 1031 738 1070 quo

61 1091 138 1140 plenam
148 1090 192 1128 ndei
199 1091 345 1139 expositionem
356 1102 433 1130 necnon
443 1091 521 1140 aliquos
530 1091 646 1129 catechistas
655 1090 737 1139 aceepit,

0 1168 1 1171 ’
61 1165 148 1199 attamen
166 1160 232 1211 Cyrilli
251 1171 324 1199 nomen
337 1160 406 1199 nullibi
418 1161 491 1210 legitur
506 1172 572 1210 neque
589 1160 695 1199 verisimile
707 1164 738 1198 est

0 1218 2 1268 l
61 1231 127 1281 ipsum
146 1230 230 1269 adivisse
242 1231 356 1279 soldanum,
373 1231 483 1280 praesertim
496 1242 541 1269 cum
554 1242 608 1269 anno
629 1227 679 1281 1169
698 1240 739 1278 quo

0 1284 3 1347 l
61 1302 103 1339 haec
112 1305 153 1339 acta
165 1304 213 1338 sunt
221 1300 285 1338 adhuc
293 1300 374 1349 juvenis
383 1300 442 1339 tuerit
453 1302 460 1348 (
475 1300 490 1352 ).

87 1371 180 1409 Praeterea
189 1370 267 1409 Bostius
275 1370 334 1408 tradit
341 1370 487 1409 dissensionem
497 1375 584 1409 exortam
590 1381 638 1408 esse
644 1368 739 1419 Cyrillum

0 1466 2 1481 2
61 1440 111 1478 inter·
119 1439 141 1478 a'c
153 1439 281 1489 patriarcham
294 1440 537 1489 Constantinopolitanum
558 1441 583 1478 de
595 1439 678 1489 Spiritus
693 1438 740 1477 San-

0 1534 1 1537 =
61 1509 86 1548 cti
98 1509 229 1559 processione,
242 1514 301 1558 atque
310 1509 405 1559 Cyrillum
416 1521 440 1548 ne
449 1510 564 1548 Graecorum
574 1509 634 1548 errori
644 1507 740 1547 assentire

2 1580 3 1595 ³
61 1579 161 1618 videretur
172 1591 183 1617 a
194 1579 251 1617 beata
262 1578 343 1628 Virgine
355 1579 414 1617 Maria
426 1579 549 1622 admonitus,
563 1590 606 1618 sese
620 1578 640 1616 in
650 1579 738 1616 Montem

0 1638 3 1670 3
61 1649 145 1688 Carmeli
162 1649 259 1698 recepisse
271 1648 304 1687 ubi
317 1648 406 1688 habitum
426 1649 542 1699 religiosum
560 1648 653 1687 induerit.
666 1648 740 1686 lezana

0 1704 3 1758 t
61 1718 143 1767 quidem
155 1723 211 1757 notat
223 1717 351 1768 patriarcham
369 1718 483 1756 Michaelem
505 1716 539 1768 (de
551 1729 591 1767 quo
603 1717 696 1769 agitur)a
706 1728 741 1754 ne-

0 1817 3 1831 ,
62 1787 115 1826 mine
126 1788 185 1838 hujus
194 1786 264 1825 erroris
276 1793 390 1835 accusatum
398 1787 467 1833 tuisse,
478 1787 608 1826 nihilominus
621 1786 647 1825 ob
656 1785 741 1825 auctori-

60 1861 120 1896 tatem
130 1858 209 1906 qualem
221 1856 287 1895 Bostio
299 1869 400 1907 perperam
411 1857 500 1896 attribuit
511 1857 568 1907 quasi
582 1857 599 1895 is
611 1856 692 1906 antiqua
704 1855 740 1894 do-

61 1933 153 1966 cumenta
163 1938 203 1977 prae
212 1927 304 1966 manibus
319 1927 427 1971 habuisset,
441 1927 520 1978 conjicit
529 1928 630 1977 praefatam
637 1925 740 1965 historiam

61 1996 162 2036 veritatem
174 1997 282 2036 continere.
295 1996 326 2048 (3)
340 1997 378 2036 Sed
390 2009 436 2036 cum
449 1998 473 2035 de
495 1997 527 2035 tali
539 1996 664 2035 dissensione
676 1996 696 2035 in
711 1996 741 2055 hi-¹

62 2067 121 2106 storia
141 2066 307 2107 ecclesiasticane
321 2067 429 2117 vestigium
450 2067 530 2117 quidem
553 2066 673 2113 inveniatur,
692 2059 741 2105 mih¹

81 2231 109 2273 (1)
122 2229 211 2264 Baronius
221 2231 245 2264 ad
254 2234 324 2264 annum
337 2242 381 2275 ¹¹7⁰
390 2241 409 2264 n.
418 2232 446 2274 54.

81 2290 111 2333 (a)
124 2289 171 2324 lbid.
181 2290 205 2323 ad
214 2300 282 2324 anuum
297 2290 347 2335 1169,
363 2301 381 2323 n.
399 2301 428 2333 4²·
446 2290 553 2333 Roehricht,
573 2291 656 2335 negesrn,
668 2291 687 2325 P.
701 2290 740 2333 145.

0 2349 3 2391 ζ
62 2359 79 2381 u.
91 2349 125 2392 544
134 2356 183 2383 nota.

83 2408 111 2451 (ὃ)
120 2408 205 2452 Annales,
216 2409 247 2451 IV,
257 2408 286 2453 73.
