1631 2703
257 101 325 130 neuen:
334 104 353 131 a.
367 102 386 131 p.
405 93 411 129 i
415 90 461 141 336·
661 86 709 139 ''127⁷

34 173 139 211 vanitatem
151 176 229 213 studere
238 176 272 214 sed
284 177 348 214 solum
361 181 383 214 ut
394 176 431 214 sibi
443 181 461 214 et
475 175 570 224 proximis
581 175 619 213 side
631 181 650 214 et
659 181 702 214 rno-
719 221 720 224 Ἴ

35 242 113 279 ribusin
123 244 201 281 ecclesia
211 244 243 281 Dei
252 244 333 292 prosint,
345 244 450 282 statuimus
458 244 511 291 quod
519 245 584 281 nullus
591 244 701 292 cujuscum-

35 321 73 358 que
84 310 157 359 gradus
166 311 236 349 existat
248 313 326 350 lectura¹
337 320 355 349 et
364 311 430 350 studio
442 312 547 360 deputatus
561 311 640 349 scientia
654 322 701 349 sana

36 379 99 417 relicta
112 375 263 429 imaginationes
277 381 407 429 phantasticus
420 392 454 418 seu
466 381 570 429 opiniones
580 392 629 429 quas
639 381 701 430 prima

33 447 79 484 lucie
91 449 141 484 male
150 459 220 485 sonare
229 447 393 494 vilerintsdiscere
403 459 437 486 seu
449 449 519 485 docere
531 454 643 497 praesumat.
660 450 698 487 sub

34 526 93 563 poena
105 516 234 555 absolutionis
245 530 255 554 a
264 517 330 556 studio
338 522 357 554 et
366 517 427 565 gradu
436 517 514 565 adepto.

61 585 153 622 Volentes
165 586 219 633 quod
229 587 295 623 nullus
302 587 360 623 frater
371 586 394 622 ad
407 586 598 633 studiumgenerale
607 591 660 624 extra
669 597 702 638 su·

34 665 66 690 am
79 653 197 702 provinciam
208 654 296 692 mittatur
309 654 345 692 nisi
358 647 401 702 pals
414 654 475 703 major
487 653 564 702 capituli
577 653 701 706 provincialis

34 710 149 767 consentiat,
163 723 276 771 necaliquis
284 724 308 760 de
320 722 418 770 provincia
430 723 508 770 Angliae
519 723 543 759 ad
556 723 701 772 universitatem

34 789 168 828 Oxoniensem
178 795 197 828 et
210 790 389 839 Cantabrigiensem
402 790 425 826 ad
439 789 558 827 studendum
570 790 657 829 mittatur
666 791 702 829 nisi

28 863 69 895 'sex
81 858 147 896 fratres
160 859 232 907 jurent,
249 870 335 907 quorum
352 858 410 907 aliqui
422 859 461 895 sint
475 858 547 905 priores
557 859 590 906 qui
601 859 644 905 eius
656 871 703 911 con-

35 926 165 964 versationem
178 933 281 970 noverunt,
301 927 354 975 quod
369 927 412 965 talis
428 926 607 968 fratermittendus
623 928 703 966 nonsit

34 994 127 1039 discolas,
146 987 231 1038 rixosus,
246 995 338 1038 viciosus‚
356 1000 390 1032 aut
407 994 485 1032 aliunde
496 996 634 1043 suspectaevel
646 996 702 1037 inbo-

35 1067 96 1100 nestae
104 1063 264 1107 conversationis,
278 1063 315 1118 sub
323 1074 381 1111 poena
393 1062 521 1110 depositionis
538 1063 561 1100 ab
578 1063 647 1101 officiis
659 1072 704 1112 pro-

35 1130 151 1169 vincialibus
162 1136 181 1169 et
191 1126 349 1169 inhabilitationis
357 1131 381 1168 ad
390 1136 456 1168 actum
468 1130 575 1168 diffiniendi
588 1132 607 1169 in
614 1132 702 1174 futurum

36 1198 175 1237 diffinitoribus
185 1199 296 1248 infligenda.
562 1240 564 1243 ,

34 1304 36 1307 .
62 1267 114 1305 ldem
126 1267 150 1305 de
161 1268 273 1306 bachantis
286 1268 310 1305 ad
321 1268 414 1305 lecturam
426 1267 569 1305 Sententiarum
585 1279 703 1316 promoven-

35 1336 65 1374 dis
77 1332 170 1375 irolumus
179 1336 284 1375 observari.
297 1337 344 1373 ltem
354 1347 399 1374 cum
409 1341 526 1373 consuetum
535 1336 559 1374 sit
568 1336 657 1386 Parysius
670 1348 703 1385 per

35 1404 135 1456 privilegia
149 1405 204 1442 Sedis
217 1405 329 1453 apostolicae
341 1405 365 1442 de
377 1405 456 1442 biennio
469 1404 488 1441 in
503 1404 604 1450 biennium
620 1410 705 1442 tantum·

37 1472 97 1511 modo
106 1473 239 1521 expeditiones
251 1484 286 1511 seu
298 1473 438 1528 licentiationes
448 1473 587 1521 magistrorum
600 1473 619 1510 in
629 1474 704 1517 theolo-
714 1485 720 1505 .:

36 1541 67 1589 gia
78 1541 126 1585 fieri,
137 1542 246 1586 statuimus¹
254 1542 307 1589 quod
317 1542 336 1578 in
349 1542 420 1590 Augila
432 1531 645 1589 quilibet-31nagister·in
661 1543 704 1589 uni7
734 1586 746 1591 w

36 1609 161 1648 versitatibus
172 1609 279 1652 Oxoniensi
288 1615 308 1647 et
317 1608 473 1657 Cantabrigiensi
486 1620 519 1657 per
528 1609 629 1647 biennium
640 1611 703 1658 legere

36 1682 131 1720 teneatur,
145 1678 182 1715 nisi
194 1678 249 1727 prior
257 1678 380 1726 provincialis
391 1678 468 1726 Angliae
479 1681 558 1725 propter
566 1706 568 1722 λ
576 1689 655 1715 causam
671 1689 704 1733 nse.-

37 1747 139 1802 cessariam
147 1747 171 1784 de
183 1747 291 1784 cessatione
301 1752 345 1790 actu
355 1746 440 1795 regentis
452 1750 471 1783 et
480 1731 590 1798 inceptione
602 1747 703 1795 sequentis

37 1815 56 1853 in
65 1815 105 1853 tine
114 1815 194 1854 secundi
206 1816 251 1853 anni
261 1827 294 1864 per
302 1815 422 1864 quindenam
434 1816 464 1853 vel
476 1826 513 1866 peri
523 1825 612 1861 mensem
624 1816 646 1852 ad
660 1816 703 1864 plus

36 1884 90 1922 aliter
101 1884 177 1923 duxerit
188 1885 327 1928 ordinandum,
336 1885 374 1923 sub
383 1895 440 1934 poena
452 1883 565 1932 privationis
577 1884 614 1921 loci
620 1890 639 1922 et
651 1886 703 1923 vocis
765 1915 767 1918 ,

37 1953 80 2002 ipso
91 1955 141 1991 tacto
152 1958 192 1992 tam
210 1954 396 2005 magistroxregenti
409 1964 472 2001 ,quarn
490 1952 591 2002 inceptori.
609 1953 648 1990 Nec
660 1954 703 2001 qui-

37 2033 122 2071 cumque
130 2009 223 2071 magister
233 2022 323 2073 Parysius
333 2022 428 2069 incipiens
449 2026 483 2059 aut
495 2022 515 2059 in
528 2021 597 2070 Anglia
609 2022 658 2060 ultra
671 2021 703 2060 CC

37 2091 145 2130 solidorum
155 2091 256 2140 nigrorum
268 2090 413 2136 Turonensium
423 2090 441 2128 in
454 2090 557 2128 esculentis
566 2095 585 2128 et
594 2092 702 2139 poculentis

37 2160 57 2197 in
75 2159 185 2208 inceptione
200 2171 235 2198 sua
252 2159 349 2208 expendat
360 2170 395 2197 seu
417 2159 477 2196 alium
494 2159 524 2196 vel
533 2158 581 2196 alios
592 2159 616 2196 de
634 2158 702 2197 ordine

38 2233 106 2266 nostro
119 2228 218 2277 permittat
239 2228 348 2277 expendere
366 2227 517 2276 quoquomodo,
536 2238 571 2264 nec
588 2228 701 2265 saecularem

36 2298 66 2336 vel
78 2298 180 2335 saeculares
194 2297 292 2347 permittat
307 2296 401 2345 incipiens
416 2296 440 2334 ad
451 2307 510 2334 suum
526 2296 621 2333 honorem
630 2308 703 2346 expen-

37 2368 88 2409 dere,
102 2365 139 2403 nisi
157 2366 209 2405 idern
226 2366 280 2415 prius
299 2364 394 2414 incipiens
410 2376 475 2404 coram
487 2375 524 2403 suo
539 2365 639 2414 superiore
650 2366 703 2415 iuret
