1616 2703
298 118 321 145 nn
330 119 346 147 s.
360 117 462 148 anocaaoo
679 118 717 157 277

41 198 66 236 de
76 195 115 234 vita
127 197 146 231 et
157 193 220 244 gestis
234 193 323 232 Brocardi
338 192 416 233 haurire
430 193 480 238 licet,
494 193 554 231 habes
566 192 585 231 in
595 203 648 243 saepe
660 192 717 233 citata

0 287 3 297 =
41 264 126 316 Epistola
133 262 206 314 Cyrillo
216 263 307 302 attributa
319 263 356 301 ubi
366 262 468 312 sequentia
479 261 581 301 invenies:

68 345 80 372 «
91 333 185 371 Processu
194 336 259 370 autem
274 332 378 381 temporis,
390 337 470 370 mortuo
483 330 547 381 primo
561 342 630 370 eorum
644 331 715 381 priore,

41 402 129 442 videlicet
150 401 333 446 iratreBertholdo,
355 401 392 440 sub
403 401 499 451 regimine
512 401 568 449 cuius
586 400 716 450 quadraginta

0 460 2 507 ἶ
41 472 130 521 quinque
147 470 205 508 annis
223 475 343 515 manserunt,
358 470 476 519 perplexitas
502 481 574 519 magna
592 481 661 509 eorum
674 470 716 514 ani-

0 536 2 539 ’
41 551 84 579 mos
104 538 176 578 invasit
195 538 219 577 de
228 549 341 578 successore
352 539 394 589 ejus
412 538 542 583 instituendo,
553 538 578 576 de
592 538 649 588 cujus
661 538 717 579 insti.-

40 609 116 648 tutione
128 609 202 646 nullam
218 613 291 646 certam
307 609 390 645 formam
402 607 507 656 praedictus
523 608 630 656 patriarcha
642 608 717 658 Ayme-

41 677 92 716 ricus
104 682 168 716 morte
180 682 293 726 praeventus
309 676 336 715 eis
354 676 463 726 reliquerat.
476 676 565 715 Tandem
579 681 625 726 post
636 677 715 726 lapsum
745 673 747 676 ⁴

39 746 135 795 temporis
151 747 231 784 fratrem
249 746 368 784 Brocardum
387 745 452 784 virum
470 746 579 794 perfectum
597 745 716 784 unanimiter

40 814 175 865 praeficientes,
187 814 203 852 ei
221 826 291 854 omnes
312 815 448 853 obedientiam
457 815 599 864 promiserunt,
610 814 648 853 sub
666 814 716 864 regi-

41 885 93 923 mine
102 885 159 934 cujus
171 884 251 934 triginta
262 883 368 933 tribus(1)
382 885 439 923 annis
452 888 611 934 permanserunt.
627 885 675 930 Quo
687 883 715 922 eis

40 954 164 1003 praesidente,
181 954 296 1003 patriarchae
305 953 470 1004 jerosolymitano
483 953 568 992 Domino
581 953 662 992 Alberto
670 964 716 1003 pro·

41 1027 156 1075 posuerunt,
169 1023 224 1072 quod
236 1028 344 1072 atempore
356 1035 396 1072 quo
409 1023 515 1072 praedictus
527 1022 634 1061 Patriarcha
642 1023 716 1074 Ayme-

40 1094 91 1132 ricus
103 1104 137 1130 eos
149 1104 220 1131 omnes
231 1093 269 1131 sub
281 1104 327 1130 cura
340 1093 399 1131 unius
411 1092 481 1141 prioris
495 1104 530 1141 per
542 1091 661 1130 obedientiae
672 1092 715 1132 vin-

39 1163 105 1202 culum
118 1162 248 1211 colligaverat,
262 1161 300 1211 ipsi
312 1162 472 1200 desideraverant
483 1161 548 1199 vivere
559 1161 630 1200 inclusi
641 1161 661 1200 in
672 1172 715 1200 mo-

40 1232 124 1270 nasterio
136 1232 174 1270 sub
188 1231 312 1270 observantia
328 1220 423 1281 religiosae
436 1231 482 1269 vitae
491 1231 587 1269 solitariae
605 1242 639 1281 per
653 1230 714 1270 Eliam

39 1302 155 1350 prophetam
171 1300 278 1348 institutae;
293 1300 327 1349 qui
339 1301 383 1338 licet
398 1312 432 1349 per
444 1311 515 1338 eorum
525 1299 671 1338 institutionem
684 1311 715 1338 es·

39 1374 82 1409 sent
89 1369 135 1408 certi
148 1369 230 1424 qualiter
242 1370 382 1419 unusquisque
391 1381 460 1409 eorum
468 1369 593 1418 singulariter
599 1369 673 1419 degens
681 1369 715 1407 de-

38 1439 91 1478 beret
102 1439 127 1477 ad
133 1439 273 1488 perfectionem
283 1443 302 1476 et
311 1439 371 1477 finem
379 1439 424 1477 virae
433 1439 525 1478 solitariae
532 1439 624 1477 tendere:
635 1438 681 1488 quia
688 1444 713 1477 ta·

37 1520 82 1546 men
92 1508 256 1558 proponebantin
265 1509 303 1546 hoc
312 1508 402 1546 Carmelo
409 1508 481 1546 includi
488 1508 508 1546 in
517 1508 637 1546 monasterio
644 1508 664 1546 in
672 1520 713 1558 quo

37 1589 161 1627 nequaquam
167 1580 245 1617 ruerant
251 1578 316 1616 adhuc
323 1578 401 1622 inclusi,
411 1577 454 1616 ideo
464 1578 580 1627 priusquam
590 1577 640 1616 ineo
649 1577 713 1616 inclu-

38 1647 129 1686 derentur
137 1648 210 1686 obnixe
219 1648 361 1697 requirebanta
374 1647 467 1696 praedicto
477 1648 584 1696 patriarcha
592 1648 681 1692 Alberto,
691 1653 713 1686 ut

35 1716 573 1766 juxtapropositumeorumtradereteisdequibusdam
587 1716 713 1766 articulisper

36 1797 70 1824 eos
82 1791 129 1824 tunc
138 1787 175 1825 sibi
183 1786 408 1832 oblatis,conversationi
416 1786 530 1824 monasterii
539 1786 660 1831 necessariis,
669 1786 713 1824 bre-

36 1865 80 1900 vem
93 1855 138 1894 vitae
148 1856 252 1894 formulam
262 1867 322 1905 quam
332 1842 399 1894 tenere
408 1855 428 1893 in
439 1860 541 1905 posterum
551 1855 654 1895 deberent.
667 1856 711 1905 (2)»

64 1924 138 1963 Deinde
152 1930 264 1975 sequuntur
278 1925 330 1964 varia
341 1925 404 1975 capita
416 1936 476 1975 super
488 1925 562 1974 quibus
574 1925 660 1966 eremitae
672 1936 712 1966 cet-

37 1993 96 2033 tiores
111 1995 164 2034 reddi
181 1996 315 2045 postulabant,
328 2000 347 2034 et
360 1995 431 2034 ultimo
446 1995 489 2045 ipsa
506 1996 574 2045 regula
588 1995 613 2033 ab
630 1995 712 2037 Alberto

38 2062 154 2116 redacta.(3')
226 2062 227 2065 ’

63 2134 90 2172 Ex
98 2134 156 2173 dictis
168 2134 242 2173 eruitur
255 2134 373 2173 brocardum
386 2133 447 2173 fuisse
464 2134 601 2173 immediatum
613 2134 712 2174 bertholdi

59 2291 79 2333 (ι)
92 2291 141 2326 Alibi
155 2293 233 2326 habetur
247 2292 312 2337 viginti
326 2293 391 2327 tribus.
402 2293 430 2327 Cf.
442 2294 521 2337 Lezana,
533 2292 620 2328 Annales.
632 2293 662 2336 lV,
670 2303 710 2336 244.

58 2350 79 2392 (2)
91 2351 189 2394 Speculum
199 2351 278 2385 Carmel.
289 2359 302 2386 t.
313 2352 327 2386 I.
339 2354 359 2386 P.
367 2353 396 2396 75,
406 2363 424 2386 n.
435 2353 474 2386 301.

56 2408 85 2453 (3)
94 2409 140 2443 lbid.
152 2411 172 2444 Ρ.
182 2410 241 2455 78-80.
255 2412 278 2445 Et
293 2410 312 2444 in
325 2411 412 2454 bullario,
422 2410 435 2445 1.
446 2421 483 2453 ²¹4·
500 2410 665 2447 SubscribiturEx
678 2411 711 2450 Ac,-
