1631 2703
118 122 144 174 64
377 136 539 166 consnrunones

116 210 262 250 dereziratribus
274 212 436 262 quibuscumque
448 213 545 252 instanter
556 212 668 262 petentibus
680 215 702 250 ut
714 209 792 260 possint

116 281 141 319 ad
152 280 242 319 ordinem
261 281 312 331 paris
324 283 447 321 arctitudinis
459 283 489 321 vel
509 282 589 333 maJ'oris
601 294 622 320 se
634 282 745 320 transferre¹
760 290 790 330 15.

116 349 197 389 [ocum
205 355 301 389 etrvocem
311 351 342 395 his
350 351 387 399 qui·
397 363 418 389 ea
428 351 555 401 perdiderunt
567 351 668 390 restituere
680 350 793 389 secundum·

115 420 208 458 formam
219 420 301 457 inferius
316 432 438 469 expressam,
452 421 495 467 nisi>
506 421 597 459 scandala
609 420 702 458 notabilia
713 420 743 458 vel
756 419 791 457 alia

115 489 260 527 commiserunt
273 494 354 538 propter
364 502 410 539 quac
422 501 467 529 curn
488 490 516 528 eis
529 501 563 539 per
581 491 646 529 solum
658 490 749 539 generale
761 500 792 526 ca-

116 557 201 612 pitulum
214 559 284 597 merito
296 559 366 597 debeat
378 560 493 608 dispensari.
506 560 528 598 Et
540 560 606 597 omnia
619 560 654 597 alia
667 560 728 597 tacere
747 569 792 607 quae

116 628 191 677 priores
204 628 333 676 provinciales
342 629 362 666 in
370 629 412 667 suis
422 628 528 677 provinciis
536 630 597 667 iacere
609 633 709 678 poterunt,
719 628 791 666 locales

116 697 136 734 in
154 697 285 735 conventibus
297 698 317 735 in
330 697 403 746 quibus
416 703 511 747 praesunt,
525 703 544 736 et
560 710 606 746 quae
622 697 658 736 sibi
671 708 705 746 per
718 696 792 736 consti-

115 766 204 804 tutiones
216 766 290 804 ordinis
301 772 431 811 reservantur,
442 773 476 805 aut
484 779 518 816 per
538 772 627 817 patentes
639 767 703 804 literas
713 764 792 815 capituli

116 835 212 883 generalis
223 835 377 873 committuntur
385 847 420 874 seu
432 837 574 874 conceduntur.
591 834 621 873 16.
632 836 676 874 Non
688 841 755 873 tamen
767 834 793 874 vie

117 905 190 941 carium
207 915 243 942 seu
251 904 333 942 vicarios
344 906 374 942 vel
397 905 508 943 visitatores
523 906 548 943 ad
562 905 686 946 visitandum
706 903 793 952 aliquam

118 973 240 1022 provInciam
251 973 316 1011 mittat
326 974 363 1012 nisi
376 985 410 1022 per
422 974 507 1023 priorem
520 974 659 1023 provincialem
675 973 705 1012 vel
718 983 753 1022 per
765 983 794 1012 cae

118 1043 202 1091 pitulum
222 1041 340 1091 provinciale
348 1043 407 1081 ruent
422 1054 483 1093 super
500 1044 537 1082 hoc
556 1043 665 1092 specialiter
678 1041 792 1092 requisitus,

118 1117 152 1151 aut
163 1112 216 1150 illam
229 1112 277 1157 sciat
291 1113 337 1151 alias
349 1112 443 1162 indigere.

209 1229 271 1283 Runa.
283 1230 345 1268 XVlll.
361 1230 389 1268 Da
401 1239 473 1268 orncro
488 1240 561 1269 rarorrs
569 1240 702 1269 enovrncnus.

149 1357 164 1383 r.
181 1345 255 1384 Priores
273 1358 320 1385 vero
338 1347 469 1395 provinciales
480 1347 615 1385 auctoritatem
628 1346 701 1384 habent
721 1357 755 1394 per
772 1357 794 1384 se

118 1415 149 1452 vel
159 1426 193 1464 per
207 1415 255 1454 alios
267 1416 287 1453 in
299 1416 341 1454 suis
353 1414 459 1465 provinciis
475 1416 561 1455 novitios
573 1415 686 1465 recipiendi,
705 1421 794 1465 receptos

118 1485 250 1532 prolessandi,
263 1487 365 1534 professos
374 1486 485 1531 ordinandi,
497 1485 591 1535 fugitivos
601 1496 642 1524 suae
655 1484 761 1534 provinciae
770 1484 794 1522 ad

119 1553 273 1592 misericordiam
291 1555 403 1605 recipiendi,
417 1540 600 1593 excommunicatos
612 1565 647 1603 pro
660 1554 746 1593 violenta
764 1553 794 1591 in·

115 1622 201 1672 jectione
214 1619 309 1661 manuum
329 1624 451 1669 absolvendi,
466 1623 530 1662 literas
548 1622 712 1662 confraternitatis
725 1634 795 1661 conce-

118 1691 184 1736 dendi,
206 1692 326 1740 provinciam
347 1693 475 1742 personaliter
492 1692 590 1738 visitandi,
612 1697 632 1730 et
652 1692 792 1730 deiectustam

118 1760 207 1809 priorum
222 1772 281 1810 quam
294 1762 420 1800 subditorum
432 1762 549 1811 corrigendi,
559 1761 694 1800 visitationem
704 1762 735 1799 vel
750 1772 793 1798 cor-

118 1830 225 1868 rectionem
235 1842 268 1879 per
277 1830 325 1869 alios
335 1831 424 1876 faciendi,
436 1831 452 1870 si
460 1832 502 1881 ipse
512 1831 640 1881 personaliter
649 1830 741 1868 accedere
753 1841 794 1868 non

118 1899 195 1948 valeret,
207 1904 226 1938 et
238 1900 345 1949 periculum
359 1906 447 1939 cerneret
455 1901 565 1945 imminere,
577 1903 645 1939 tratres
658 1901 681 1937 de
692 1905 793 1938 conventu

119 1969 143 2007 ad
155 1975 276 2008 conventum
286 1971 398 2015 amovendi¹
410 1971 512 2020 privilegia
521 1972 551 2009 vel
561 1981 699 2019 quascumque
709 1981 738 2008 res
748 1969 794 2007 alias

120 2038 144 2075 de
156 2044 255 2076 conventu
267 2039 291 2076 ad
303 2042 424 2078 conventum
441 2040 580 2086 transferendi,
593 2040 638 2077 data
653 2050 712 2087 super
723 2040 761 2076 hoc
772 2038 795 2076 n-

120 2112 160 2145 tera
169 2107 296 2147 testimoniali
306 2108 412 2148 conventui
421 2121 478 2158 aquo
487 2109 531 2148 talia
539 2110 692 2154 transferuntur,
700 2112 723 2146 ut
729 2108 794 2146 eidem

120 2172 226 2215 conventui
239 2179 374 2223 restituantur,
388 2190 427 2228 quo
436 2179 477 2216 fieri
497 2179 555 2217 citius
567 2179 638 2227 poterit
649 2179 704 2216 bono
725 2178 793 2216 modo.

121 2257 139 2284 2.
150 2246 243 2285 Poterunt
254 2247 313 2285 etlam
329 2248 403 2297 priores
415 2249 486 2286 locales
498 2249 606 2293 absolvere,
620 2248 636 2286 si
657 2248 714 2296 culpa
726 2259 794 2285 eorum

120 2315 156 2352 hoc
167 2316 252 2364 requirat
264 2322 283 2354 et
295 2329 305 2354 a
318 2317 386 2367 majori
399 2323 418 2356 et
427 2317 498 2356 saniori
506 2322 559 2366 parte
569 2321 679 2355 conventus
690 2328 749 2365 super
757 2317 795 2354 hoc

119 2384 193 2422 fuerint
203 2385 298 2435 requisiti
311 2386 358 2424 item
369 2386 475 2425 statuimus
487 2387 542 2436 quod
552 2386 626 2435 priores
639 2386 672 2434 qui
685 2397 706 2423 ea
718 2397 762 2434 quae
771 2385 795 2423 ad
