1631 2703
101 156 744 229 QQQQQQQQQQ

115 358 151 399 illu
164 369 213 398 sum
232 359 399 398 Consanunoues
412 370 474 398 EblTAE
487 359 610 400 m'cnmauco
627 370 720 398 cruentur
736 369 754 397 m

89 438 147 466 rcsro
161 429 292 467 Pentecosaes
306 427 336 479 (1)
350 428 407 469 Auno
418 429 487 467 Domui
500 428 635 467 MCCCXLVlll
649 429 709 467 Mens
722 438 755 467 cc-

89 507 182 536 trenaro.

115 646 134 685 ln
145 646 228 685 Rubrica
237 646 302 685 xxvii
309 646 333 684 de
345 645 471 684 electionibus
482 645 564 690 addatur
576 646 630 694 quod
641 644 690 696 (Fol.
705 645 752 696 53b)

89 717 155 753 nullus
165 716 198 765 qui
216 726 255 753 non
275 716 344 754 subest
355 715 472 757 obedientiae
483 715 557 753 ordinis
573 726 641 753 vocem
659 719 677 752 et
688 715 753 753 locum
777 724 778 727 ’

88 783 164 832 lrabeat,
176 796 211 823 nec
220 784 304 832 aliquem
317 783 407 833 gradum,
421 789 494 821 statum
507 784 537 821 vel
549 783 635 822 offisium
647 784 667 821 in
679 784 754 831 ordine,

88 853 150 890 immo
163 852 205 901 ipso
218 854 268 890 lacto
281 853 305 889 ab
317 852 371 889 omni
387 857 439 890 statu
455 856 474 889 et
486 851 549 889 officio
566 852 591 889 sit
603 852 697 900 privatus,
721 864 756 890 nec

88 932 133 958 eum
145 925 233 959 teneatur
244 921 312 970 aliquis
324 926 434 959 conventus
446 920 520 958 ordinis
532 920 622 969 recipere,
632 931 667 959 seu
677 921 696 958 in
709 920 753 959 vitae

89 990 202 1028 necessariis
214 990 250 1027 sibi
260 989 372 1028 subvenire

114 1059 136 1096 Et
148 1058 199 1097 idem
211 1059 235 1096 de
245 1058 282 1097 illis
296 1058 359 1107 quoad
371 1063 451 1105 statum,
464 1058 547 1108 gradum
560 1063 579 1096 et
590 1058 677 1096 officium
693 1059 712 1096 in
722 1070 754 1097 or-

88 1127 139 1175 dine,
152 1127 185 1176 qui
195 1138 215 1165 se
224 1128 315 1176 capellani
328 1139 403 1176 regum,
413 1128 523 1176 principum
536 1139 570 1165 seu
583 1129 706 1175 praelatorum
722 1129 756 1166 lie-

89 1197 103 1234 ri
115 1196 194 1241 faciunt,
205 1208 239 1235 seu
250 1198 336 1234 iecerunt
347 1202 380 1234 aut
391 1197 439 1234 ilent
448 1197 467 1233 in
477 1197 572 1240 futurum,
585 1201 607 1234 ut
615 1208 648 1245 per
658 1198 694 1235 hoc
703 1197 756 1235 labo-

89 1276 118 1303 res
129 1266 202 1304 ordinis
212 1271 231 1304 et
242 1265 362 1304 obedientias
374 1266 525 1315 subterfugiant,
536 1266 636 1310 volumus,
646 1266 694 1303 dum
708 1268 755 1305 tales

88 1339 142 1380 sunt,
155 1334 236 1372 firmiter
245 1334 349 1380 observari,
363 1335 400 1372 illis
412 1335 512 1373 dumtaxat
522 1335 608 1384 exceptis
618 1335 652 1384 qui
668 1340 715 1373 sunt
730 1336 754 1373 de

88 1404 156 1442 talium
165 1404 291 1442 dominorum
301 1404 372 1441 familia
379 1408 447 1442 etcum
455 1404 527 1442 eisdem
536 1404 649 1442 continuere
661 1404 754 1442 sidentes.

114 1473 160 1511 ltem
181 1473 199 1510 in
209 1473 291 1511 Rubrica
309 1473 356 1511 XVll
369 1473 392 1510 de
404 1473 468 1511 officio
480 1473 548 1521 prioris
565 1474 661 1522 generalis
674 1473 755 1511 addatur

88 1542 141 1591 quod
156 1547 266 1580 conventus
278 1542 341 1580 Curiae
352 1542 453 1588 Romanae,
467 1542 586 1591 ubicumque
603 1542 667 1589 fuerit,
681 1543 706 1580 sit
718 1543 755 1581 sub

87 1612 216 1661 dispositione
224 1616 242 1649 et
252 1611 346 1660 regimine
354 1611 423 1660 prioris
432 1611 528 1661 generalis
538 1612 603 1660 quoad
613 1611 753 1649 correctionem

88 1682 193 1730 regularem
206 1692 241 1719 seu
254 1680 364 1719 officiorum
379 1682 410 1718 vel
428 1681 539 1719 officialium
559 1666 704 1719 institutionem
725 1682 754 1719 vel

87 1750 244 1799 dispositionem,
258 1761 279 1787 ac
288 1750 446 1788 conventualium
454 1762 626 1798 quorumcumque
633 1750 753 1788 amotionem

87 1819 117 1856 vel
130 1819 275 1869 repositionem]
288 1818 308 1856 in
322 1823 400 1857 tantum
413 1819 466 1867 quod
479 1830 514 1856 nec
533 1821 609 1857 tratrem
622 1820 706 1867 aliquem
720 1830 755 1867 po-

88 1899 133 1925 nere
153 1899 188 1926 nec
202 1899 293 1925 amovere
308 1887 370 1936 possit
386 1888 437 1936 prior
457 1888 579 1936 provincialis
595 1888 725 1937 quiscumque
744 1900 754 1926 a
811 1887 812 1890 ’

87 1961 185 1995 conventu
196 1956 295 2005 praedicto,
306 1967 341 1993 nec
348 1956 432 2004 aliquem
441 1956 542 1994 officialem
551 1956 652 1995 instituere
659 1958 688 1995 vel
695 1957 755 2005 depo-

89 2036 134 2063 nere
140 2025 214 2074 absque
223 2025 291 2074 prioris
299 2025 395 2073 generalis
405 2026 434 2062 vel
441 2026 483 2075 eius
490 2025 553 2063 vicarii
562 2036 644 2064 assensu
651 2037 752 2075 expresso,

88 2100 107 2132 et
125 2094 199 2132 licentia
218 2094 302 2143 speciali,
321 2094 358 2132 sub
381 2105 439 2143 poeuu
454 2094 590 2132 inobedientiae
607 2099 626 2132 et
642 2095 753 2134 rebellionis

109 2253 129 2295 (il
139 2251 172 2285 Die
184 2250 258 2285 Slunii.
272 2252 312 2284 Hoc
321 2261 369 2285 anno
380 2250 477 2285 saevissima
489 2259 546 2285 totam
557 2252 648 2295 Europam
656 2252 752 2296 depopula-

87 2310 113 2344 vit
121 2310 175 2354 pestis
184 2320 224 2354 quae
237 2320 270 2343 nec
290 2309 417 2354 religiosorum
434 2310 511 2343 coetibus
527 2310 619 2354 pepercit;
636 2310 752 2354 quamplures

86 2368 151 2403 fratres
161 2369 246 2402 dicuntur
255 2368 321 2401 mortui
329 2376 368 2402 tum
377 2367 395 2402 in
412 2379 484 2402 accessu
499 2368 522 2402 ud
534 2367 640 2412 capitulum,
650 2376 688 2402 tum
695 2369 714 2403 in
724 2380 752 2402 re·

87 2428 126 2462 ditu
132 2428 154 2462 ab
161 2427 231 2461 eodem.
