1631 2703
329 135 448 165 aooarcaxvr
699 123 721 164 61

49 217 71 251 ut
82 212 119 261 ipsi
132 212 216 250 scolares
229 211 300 250 melius
310 211 387 260 possint
406 211 501 260 proficere
511 215 530 249 et
543 210 632 261 magistri
648 222 725 261 cogno-

50 293 103 322 scere
115 281 131 320 si
140 282 250 319 attendant.

76 349 109 399 46.
123 352 169 389 ltem
179 351 285 389 statuimus
295 355 314 388 et
323 350 404 388 firmiter
414 349 546 400 praecipiendo
553 350 672 388 mandamus
678 362 726 400 qua-

49 427 107 460 tenus
119 420 138 457 in
148 420 242 458 omnibus
260 404 451 469 provinciis‘decima
468 419 556 463 fideliter,
575 419 696 468 integraliter
708 425 726 456 et

50 490 130 529 indilate
145 490 249 539 colligatur
270 489 294 527 de
312 489 407 527 omnibus
429 488 554 533 annualibus,
576 489 725 534 tricennalibus,

50 559 190 604 oblationibus,
210 558 370 602 obventionibus,
392 558 572 607 procurationibus,
593 556 724 602 testamentis,

50 628 144 679 pitantiis,
158 639 180 665 ac
192 627 251 666 meris
272 627 337 672 donis,
351 628 381 666 vel
391 627 553 676 quibuscumque
567 627 608 666 aliis
619 627 691 675 modis,
702 627 726 665 ad

50 709 110 737 usum
123 696 267 747 cuiuscumque
276 702 387 735 conventus
394 697 526 742 venientibus,
538 697 558 734 in
570 697 655 745 pecunia
667 697 697 734 vel
706 697 726 748 in

51 778 122 812 massa,
136 762 174 804 sub
187 778 246 816 poena
258 764 353 816 ¹gravioris
368 766 430 814 culpae
442 765 596 814 impedientibus
614 766 727 822 velpriori-

50 830 127 875 busvel
147 831 263 874 custodibus
273 835 441 874 communitatum
461 834 495 883 qui
515 835 534 872 in
545 835 662 873 collectione
673 835 727 873 deci-

51 916 127 944 marum
141 905 264 955 negligentes
277 905 346 954 reperti
358 904 431 943 fuerint
444 905 503 954 perX
514 905 556 943 dies
565 904 682 954 infligenda,
693 916 725 954 47.

51 975 124 1024 Siquis
136 979 202 1012 autem
215 986 239 1012 ex
250 979 300 1012 certa
315 975 388 1012 malitia
399 974 486 1012 decimas
503 986 543 1012 non
556 974 656 1024 collegerit
665 973 727 1013 vel'in

0 1073 2 1092 ,
51 1055 100 1082 usus
112 1039 160 1082 alios
169 1045 287 1082 converterit
298 1055 358 1092 quam
370 1044 390 1081 in
401 1043 445 1082 illos
457 1055 492 1092 pro
511 1044 584 1092 quibus
594 1043 666 1082 tuerint
675 1044 727 1082 ordi-

52 1117 109 1157 natae,
122 1113 164 1151 sive
173 1113 198 1151 sit
215 1112 345 1162 provincialis,
360 1112 400 1151 sive
418 1112 471 1162 prior
479 1113 553 1157 localis,
568 1118 602 1151 aut
613 1112 728 1162 cujuscum-

0 1205 1 1232 3
52 1194 90 1231 que
102 1182 180 1220 alterius
193 1182 313 1221 conditionis
324 1182 389 1227 ruerit,
403 1193 462 1230 poena
478 1182 652 1231 proprietariorum
665 1181 727 1232 rigide

51 1251 144 1300 puniatur
153 1256 172 1289 et
182 1252 278 1302 damnum
290 1251 366 1290 illatum
386 1251 410 1288 ad
423 1252 503 1301 plenum
516 1251 618 1289 restituere
629 1252 725 1290 teneatur.

50 1322 82 1369 48.
94 1321 220 1370 Qricumque
231 1326 297 1358 autem
307 1320 387 1359 scolaris
401 1320 487 1359 decimas
500 1322 594 1369 receperit
606 1321 648 1359 sive
664 1321 725 1359 libros

51 1387 164 1429 scolasticos
179 1396 198 1428 et
213 1390 232 1428 in
243 1402 292 1429 usus
304 1383 382 1428 illicitos
394 1391 520 1435 converterit,
532 1395 607 1440 recepta
624 1391 727 1428 restituere

0 1445 2 1452 ’
51 1465 141 1509 cogatur,
152 1464 170 1497 et
183 1471 263 1510 poenam
273 1459 369 1509 gravioris
381 1460 444 1509 culpae
461 1460 557 1498 sustineat
575 1471 609 1509 per
622 1460 638 1497 X
649 1461 691 1498 dies
703 1463 727 1498 ex

0 1565 1 1570 ,
51 1530 159 1579 condigno,
173 1535 192 1567 et
212 1530 235 1567 de
248 1535 312 1567 cetero
330 1541 341 1567 a
358 1529 479 1567 decimarum
496 1530 623 1578 susceptione
641 1529 666 1568 sit
683 1541 728 1568 sus-

0 1603 1 1607 ’
51 1610 132 1648 pensus.
144 1609 176 1649 49.
187 1599 267 1637 Decima
284 1603 350 1637 autem
361 1599 388 1637 sic
403 1600 484 1638 collecta
496 1611 531 1649 per
550 1599 635 1649 priorem
648 1599 728 1649 provin-

0 1713 1 1717 ,
51 1668 118 1707 cialem
132 1673 151 1707 et
163 1668 279 1707 diffinitores
292 1668 370 1718 capituli
383 1668 507 1718 provincialis
519 1669 639 1718 integraliter
650 1669 728 1708 scolari-

0 1774 2 1776 .
51 1735 90 1776 bus
100 1738 211 1782 tribuatur,
218 1743 278 1787 prout
286 1738 389 1777 discretius
399 1743 419 1776 et
427 1737 537 1777 consultius
549 1736 621 1788 poterit
633 1731 726 1778 ordinari.

0 1846 1 1851 ,
51 1807 77 1845 lta
87 1812 154 1846 tamen
163 1808 218 1856 quod
227 1807 334 1859 scolaribus
346 1808 437 1859 Parysius
446 1808 499 1846 etad
510 1809 541 1846 illa
553 1809 618 1848 studia
631 1809 727 1859 generalia

0 1868 2 1914 ᾗ
52 1877 118 1917 missis
130 1878 221 1928 primitus
231 1877 257 1915 sit
274 1877 384 1927 provisum,
398 1878 473 1916 Deinde
485 1879 539 1927 quod
557 1879 659 1918 residuum
669 1876 728 1918 ruent

0 1941 2 1944 ’
53 1948 159 1997 magistris,
173 1947 294 1993 bachalariis,
309 1947 414 1986 lectoribus
428 1953 447 1986 et
459 1949 567 1987 scolaribus
584 1949 633 1987 inira
649 1950 728 1998 provin-

0 2020 1 2023 ’
52 2018 101 2056 ciam
111 2017 241 2056 existentibus
254 2017 389 2056 distribuatur.
405 2028 436 2066 50.
449 2017 468 2056 Si
477 2023 544 2056 autem
556 2018 621 2068 aliqua
628 2019 729 2068 provincia

50 2086 93 2125 loeo
105 2083 186 2126 decimae
196 2086 314 2125 taxationem
324 2087 432 2136 praeeligat,
446 2087 509 2126 eidem
519 2089 654 2127 concedlmus.
665 2090 691 2127 lta
702 2094 729 2126 ta-

53 2168 98 2194 men
111 2157 165 2207 quod
177 2156 250 2195 taxatio
262 2157 423 2206 proportionetur
431 2156 511 2196 decimae
522 2163 630 2197 consuetae.
644 2159 702 2204 Qrod
712 2158 728 2196 si

53 2236 93 2263 non
100 2228 174 2265 factum
183 2225 241 2264 fuerit
252 2226 347 2264 volumus
360 2225 414 2275 quod
424 2226 477 2276 prior
489 2226 585 2276 generalis
594 2227 658 2277 possit
668 2233 687 2266 et
696 2228 729 2265 de·
774 2271 776 2273 ,

0 2287 1 2342 J
52 2294 97 2333 beat
105 2295 209 2345 pecuniam
224 2294 340 2343 huiusmodi
348 2295 372 2333 ad
379 2295 497 2333 solvendum
505 2302 621 2334 consuetam
631 2293 727 2335 decimam

0 2352 2 2399 ἶ
53 2371 157 2404 coarctare.
171 2364 244 2404 Poterit
251 2370 317 2403 autem
325 2365 377 2413 prior
384 2365 482 2414 generalis
496 2372 608 2405 conventus
624 2366 729 2415 deputatos

0 2419 1 2423 Ἰ
53 2435 76 2472 ad
85 2431 195 2474 tenendum
208 2433 273 2473 studia
283 2434 380 2484 generalia
395 2434 481 2473 eximere
493 2435 585 2474 adecima
595 2440 614 2473 et
631 2436 729 2474 taxatione
