1631 2703
103 119 139 146 100
351 120 509 149 CONSTlTUTlOllES

99 192 140 231 die-s
156 194 258 232 sustineat.
277 193 473 243 Siprioriqgenerali,
491 194 543 241 quod
556 193 613 235 absit,
629 193 709 231 eandem
725 204 766 242 poe-

76 299 78 303 ,
100 272 144 300 nam
163 262 258 300 sustineat
275 273 313 310 per,
325 262 439 300 XXXdies.
455 273 474 311 3.
490 261 509 299 Si
527 262 571 309 quis
588 261 683 298 malitiose
700 262 766 298 leviter

96 341 247 378 quemcumque
262 331 386 378 percusserit,
404 330 446 378 ipso
468 332 525 367 lacto.
535 335 564 367 est
576 331 765 374 excommunicatus,

100 409 135 434 nec
147 399 218 445 poterit
232 399 307 452 absolvi
320 410 353 446 per
371 409 525 446 quemcumque,
539 398 576 435 nisi
588 409 622 446 per
635 397 718 446 priorem
733 410 767 447 ge-

100 468 193 512 neralem,
206 468 236 505 vel
248 479 307 505 suum
320 468 406 515 priorem
419 467 565 515 provincialem,
579 469 608 505 vel
619 467 679 504 alium
691 467 721 505 cui
734 478 767 505 su-

94 547 134 584 per
146 537 184 584 hoc
195 536 252 585 prior
263 537 359 584 generalis
371 537 400 573 vel
413 535 536 584 provincialis
547 535 667 573 commiserit
683 541 767 585 potesta-

94 610 147 651 tem,
167 609 186 642 et
202 615 267 653 poenae
278 604 372 653 gravioris
386 605 449 652 culpae
461 604 484 640 ad
496 604 561 642 minus
573 615 607 652 per
618 604 652 641 XX
667 604 767 642 diessub-

94 674 206 722 'jacebitsi
218 673 301 722 priorem
314 674 402 717 localem,
413 684 447 721 per
460 673 511 710 XXX
525 673 573 717 dies,
587 673 621 721 sed
633 673 766 711 absolvendus

96 746 130 779 est
145 754 155 778 a
167 742 251 780 Domino
266 742 316 789 Papa
331 741 452 790 quicumque
464 742 565 789 praelatum
578 752 637 779 suum
649 742 767 789 percusserit

101 816 285 859 quantumcumque
299 809 372 848 leviter.
387 809 405 847 Si
421 809 567 858 provincialem,
588 821 622 858 per
638 810 668 848 XL
680 811 727 848 dies.
748 810 766 848 Si

94 879 152 926 quis,
165 879 219 926 quod
234 878 290 922 absit,
304 877 387 926 priorem
400 878 511 926 generalem
524 878 592 927 leviter
603 879 725 926 percusserit,
739 879 767 916 lo-

100 959 123 984 co
135 952 208 985 etvoce
220 952 282 984 careat
293 951 312 983 et
324 958 357 994 per
366 951 406 984 tres
421 957 483 983 annos
496 946 564 984 carceri
577 946 705 995 mancipetur.
716 958 735 996 4.
748 947 766 985 Si

100 1027 152 1054 vero.
160 1016 244 1064 aliquem
261 1016 342 1053 fratrem·
350 1015 394 1063 quis
408 1014 492 1063 graviter
503 1015 620 1064 percusserit
632 1027 667 1053 seu
678 1017 767 1054 verbera-

77 1113 79 1118 .
100 1085 156 1127 verit,
167 1085 210 1133 ipso
220 1086 270 1122 lacto
282 1088 311 1121 est
323 1084 513 1133 excommunicatus,
525 1095 560 1122 nec
573 1084 719 1132 possitabsolvi
729 1085 766 1123 nisi

95 1164 135 1201 per
144 1154 228 1201 priorem
238 1153 348 1202 generalem
358 1152 407 1202 (Fol.
420 1163 443 1202 33
457 1164 467 1189 a
479 1153 487 1200 )
499 1154 528 1191 vel
541 1152 609 1197 aliurn,
620 1152 650 1190 cui
659 1153 712 1191 vices
721 1164 766 1191 suas

95 1222 221 1259 commiserit
233 1222 252 1259 in
265 1223 299 1259 liae
316 1226 382 1270 parte,v
396 1226 414 1259 et
433 1221 501 1258 carceri
518 1221 643 1270 mancipetur,
658 1221 678 1259 in
696 1222 765 1260 eodem

43 1295 46 1298 ’
101 1301 214 1334 mansurus,
231 1290 324 1339 quamdiu
340 1290 425 1339 capitulo
439 1290 551 1339 provinciali
566 1290 656 1339 proximo
670 1291 766 1329 videbitur

101 1359 196 1408 expedire.
209 1359 227 1397 Si
241 1370 285 1397 vero
298 1359 382 1407 priorem
401 1359 544 1407 provincialem,
557 1359 581 1396 ab
593 1360 767 1398 excommunicati-

101 1422 139 1465 one
151 1439 210 1476 quam
223 1427 356 1476 incurritper
367 1428 474 1465 Dominum
487 1428 557 1477 Papam
571 1427 646 1465 absolvi
665 1428 734 1466 habeat
748 1434 767 1467 et

100 1498 169 1534 carceri
182 1496 303 1545 mancipetur
315 1508 420 1545 quousque
433 1508 467 1545 per
478 1497 567 1545 generale
579 1497 686 1545 capitulum
698 1498 767 1535 libere-

99 1571 138 1603 tur.
151 1565 169 1603 Si
184 1576 229 1603 vero
244 1565 360 1614 generalem,
371 1565 425 1613 quod
438 1565 496 1610 absit,
506 1565 575 1603 carceri
588 1565 709 1613 mancipetur
723 1571 766 1604 toto

100 1640 188 1684 tempore
199 1635 243 1673 vitae
260 1645 308 1672 suae.
327 1645 343 1682 5.
360 1634 379 1672 Si
391 1646 436 1671 vero
452 1645 597 1683 quemcumque
615 1635 693 1673 fratrem
711 1647 767 1673 enor-

97 1704 157 1751 miter
171 1704 248 1751 laeserit,
266 1703 398 1742 absolvendus
411 1708 459 1741 esta
470 1703 520 1752 Papa
530 1708 549 1741 et
560 1703 629 1750 carceri
645 1704 767 1753 mancipetur

97 1773 119 1819 in
135 1774 204 1821 eodem
222 1782 327 1810 mansurus
342 1783 447 1820 quousque
459 1784 493 1820 per
504 1773 595 1821 generale
606 1772 714 1827 capitulum
729 1773 766 1811 sibi

101 1841 232 1890 misericordia
249 1840 371 1885 concedatur,
385 1840 471 1889 pensatis
483 1841 590 1889 quantitate
602 1846 621 1879 et
633 1842 725 1890 qualitate
734 1842 767 1880 de-

98 1909 199 1957 lictorum.
336 1952 338 1955 ·
590 1951 592 1954 ,
648 1954 650 1957 ,

98 2022 100 2026 ,
114 2018 116 2022 ,
128 1976 283 2027 dannrnque
295 1982 360 2024 autem
369 1979 448 2027 aliquod
460 1979 557 2025 notorium
575 1979 648 2024 crimen
663 1979 767 2025 commise-

83 2092 85 2094 ‚
101 2049 131 2093 rit,
150 2054 196 2096 puta
207 2048 326 2092 incendium,
345 2047 472 2085 homicidium
488 2053 521 2093 aput
541 2048 623 2094 notabile
642 2034 716 2087 furtum
734 2054 767 2087 aut

101 2118 240 2167 quodcumque
251 2117 310 2163 aliud,
321 2128 355 2164 pro
367 2128 407 2165 quo
419 2117 437 2162 in
450 2118 522 2162 saeculo
534 2117 620 2163 existens
629 2118 659 2155 vel
671 2129 766 2163 carcerem

101 2191 217 2235 perpetuum
233 2185 248 2223 si
261 2189 312 2223 esset
326 2171 414 2230 clericus,
428 2186 457 2223 vel
470 2190 560 2231 mortem,
571 2171 587 2223 si
599 2185 666 2229 laicus,
683 2197 767 2223 merere-

96 2260 139 2303 tur,
160 2255 228 2292 carceri
248 2254 322 2291 ordinis
339 2254 369 2292 sui
387 2259 482 2303 perpetuo
502 2254 631 2303 mancipetrm
654 2264 672 2302 7,
696 2255 766 2294 Nullus

70 2356 73 2360 .
95 2324 158 2363 etiam
170 2325 227 2362 frater
242 2323 342 2361 ramulum
358 2325 439 2372 fratrum
457 2324 551 2372 percutiat
561 2323 600 2362 ,vel
620 2334 766 2373 quemcumque

100 2394 213 2432 saecularem
223 2392 301 2438 laicum,
311 2393 349 2431 sub
361 2404 420 2442 poena
431 2392 525 2442 gravioris
533 2393 595 2442 culpae
606 2393 636 2431 vel
645 2394 731 2439 carceris,
739 2406 766 2433 se·
