1631 2703
91 112 130 165 196⁴
350 128 410 158 cnut.
425 129 494 157 denen.

85 211 108 237 ex
117 200 240 249 supradictis,
254 202 302 240 rexit
311 206 388 246 tantum
400 204 431 251 (r)
444 200 501 241 annis
514 200 581 240 decem
594 207 613 240 et
626 214 704 241 novem.
721 200 755 239 Hic

85 260 158 307 electus
171 270 207 308 ruit
222 271 279 309 irater
290 273 420 323 Raymundus
435 273 469 322 qui
481 273 546 311 solum
559 272 606 311 vixit
616 284 649 321 per
661 272 711 310 duos
720 283 755 309 an·

88 349 132 376 nos

112 396 171 445 Anno
184 408 262 447 Domini
276 421 323 460 1297
337 410 419 448 infesto
431 412 555 449 Pentecostes
565 411 633 460 Brugis
642 411 661 449 in
676 410 755 460 provin-

85 476 113 513 cia
127 477 211 514 Franciae
226 478 262 516 fuit
273 479 381 527 capitulum
396 480 487 528 generale
497 480 516 517 in
529 491 568 528 quo
580 481 653 517 eiectus
662 485 692 517 est
702 475 755 528 prior

87 537 184 601 generalis
192 547 284 596 magister
294 549 350 586 irater
362 538 459 587 Gerardus
469 548 492 586 de
506 548 600 593 Bononia,
612 553 630 586 et
641 549 712 586 iactum
725 553 754 586 est

85 615 180 652 volumen
189 616 354 653 constitutionum
367 621 419 654 certo
426 628 515 655 numero.
525 615 557 667 (2)

112 684 171 721 Anno
181 684 259 722 Domini
280 696 328 735 1301)
345 685 364 723 in
380 686 429 723 testo
444 686 567 723 Pentecostes
584 686 702 724 celebratum
718 686 754 724 fuit

85 753 173 801 generale
185 753 291 801 capitulum
306 753 406 791 Florentiae
421 754 440 791 in
456 754 555 803 provincia
566 754 656 791 Ttrusciae
668 754 753 792 Gerardo

86 826 133 859 tunc
145 822 238 870 generali.
425 823 426 826 ’
462 813 464 816 ⁴
689 824 690 827 ’

111 890 169 928 Anno
186 889 264 928 Domini
280 902 326 941 1303
347 891 365 929 in
381 892 566 930 festo-Pentecostes
584 891 701 930 celebratum
717 885 758 930 tuit

83 960 174 1007 generale
183 960 290 1008 capitulum
300 960 396 998 Narbonae
405 960 490 998 Gerardo
500 965 548 999 tunc
555 961 640 1010 generali
651 966 681 998 etc
698 959 751 1011 (sic).

110 1028 169 1066 Anno
187 1028 266 1066 Domini
287 1027 335 1078 1306
352 1029 470 1067 celebratum
488 1030 525 1068 ruit
542 1029 649 1079 capitulum
662 1031 752 1078 generale

84 1095 175 1135 Tholosae
186 1097 206 1135 in
218 1098 315 1146 provincia
325 1098 443 1147 Aquitaniae,
456 1104 475 1136 et
486 1100 560 1137 factum
576 1088 606 1136 est
618 1110 682 1137 unurn
697 1100 753 1137 volu-

86 1177 131 1204 men
143 1166 315 1205 constitutionum.
552 1157 554 1161 *
601 1159 603 1162 ⁵
754 1160 758 1163 γ

111 1236 170 1272 Anno
187 1235 265 1273 Domini
286 1247 334 1287 1309
350 1236 369 1273 in
386 1237 436 1274 testo
450 1236 574 1274 Pentecostes
586 1236 704 1274 celebratum
716 1236 753 1274 ruit

85 1304 191 1352 capitulum
206 1305 294 1353 generale
309 1304 382 1342 Ganuae
395 1293 478 1354 (januae)
492 1305 511 1343 in
522 1305 620 1354 provincia
632 1305 753 1343 Lumbardiae

85 1377 103 1410 et
116 1374 170 1411 iactae
179 1378 226 1411 sunt
237 1373 354 1412 additiones.
671 1366 673 1369 ¹
754 1368 756 1370 ’

112 1443 170 1480 Anno
179 1442 258 1479 Domini
275 1453 323 1492 1312
335 1442 355 1480 in
367 1443 440 1481 octavis
451 1443 575 1481 Pentecostes
586 1443 704 1481 celebratum
717 1442 753 1480 suit

83 1511 190 1560 capitulum
203 1512 291 1560 generale
302 1498 407 1549 Londoniis
419 1512 438 1549 in
451 1512 528 1561 Angtia,
542 1517 561 1550 et
571 1500 626 1550 tactae
637 1516 685 1550 sunt
695 1512 748 1550 addi-

84 1580 156 1618 tiones.
742 1572 757 1575 ¹*

109 1650 169 1687 Anno
184 1644 263 1687 Domini
282 1660 330 1700 1313
346 1649 366 1687 in
378 1650 492 1688 Pentecoste
513 1650 601 1688 Coloniae
618 1650 638 1687 in
653 1649 752 1699 provincia

83 1718 190 1774 Alemanioe
207 1719 325 1757 celebratum
344 1719 380 1757 suit
399 1719 506 1767 capitulum
527 1720 623 1768 generale,
645 1719 678 1756 ubi
697 1719 752 1755 tactae

82 1788 161 1824 fuerunt
177 1787 286 1825 additiones
300 1787 385 1825 Gerardo
399 1792 478 1836 regente
495 1792 514 1825 et
527 1788 657 1836 gubernante.
670 1788 716 1825 Post
731 1786 753 1823 il-

83 1855 116 1892 lud
125 1855 232 1904 capitulum
242 1856 266 1892 ad
278 1856 328 1893 duos
339 1867 401 1893 annos
414 1860 503 1893 mortuus
514 1861 544 1893 est
553 1856 645 1904 Magister
654 1855 757 1893 Gerardus'·

83 1923 179 1972 generalis
197 1923 320 1972 supradictus
337 1929 355 1961 et
374 1924 448 1962 vacavit
463 1925 585 1972 generalatus
597 1935 631 1972 per
646 1935 720 1961 annum
733 1928 752 1960 et

83 1997 168 2040 quatuor
177 1993 207 2029 vel
216 1991 304 2041 quinque
316 1992 443 2040 septimanas.

109 2061 167 2098 Anno
180 2060 259 2097 Domini
275 2062 322 2109 1318
333 2060 352 2097 in
366 2062 480 2098 Pentecoste
496 2061 614 2098 celebratum
627 2061 663 2099 fuit
679 2053 757 2109 capitu-¹

82 2130 123 2167 lum
135 2129 225 2178 generale
239 2129 359 2177 Burdegaliae
374 2129 393 2166 in
406 2128 504 2177 provincia
519 2129 636 2177 Aquitaniae,
652 2129 685 2183 ubi
697 2131 757 2167 factae*

81 2202 128 2236 sunt
136 2197 253 2235 additiones.
262 2197 296 2234 Hic
306 2199 368 2235 sactus
378 2201 407 2235 est
416 2197 511 2246 generalis
520 2198 611 2246 Magister
619 2199 678 2236 trater
686 2198 752 2236 Guido

102 2342 131 2383 (1)
138 2342 218 2374 Tantum
226 2340 237 2373 i.
245 2351 260 2373 e.
271 2347 332 2374 aurant
339 2351 376 2384 que,
386 2341 440 2374 soviel
449 2341 482 2374 als.
530 2371 532 2373 .

103 2400 131 2443 (2)
140 2398 198 2434 Vario.
209 2398 263 2433 habet
272 2399 335 2443 absque
345 2406 394 2432 cerro
403 2408 487 2432 numeru.
