1616 2703
275 110 299 136 oe
309 108 375 137 nourr
387 108 475 137 cannaco
674 101 712 147 285

36 189 88 225 esset
96 184 120 222 ad
132 183 194 233 ipsius
204 183 399 222 consummationem
411 185 494 222 fratrum
507 185 610 223 facultates
622 195 662 222 non
672 186 714 223 suf-

36 257 130 294 fecerunt.
142 265 153 291 a
165 251 197 304 (ι)

61 323 171 363 Concilium
182 323 315 372 lugdunense
327 335 379 361 anno
395 335 444 374 1274
453 323 603 362 Carmelitarum
616 323 711 361 Ordinem

37 405 48 432 r<
54 393 73 431 in
83 392 142 431 solito
149 396 201 430 statu
208 404 338 441 permanere»
348 392 437 438 indulsit,
445 393 479 431 sed
486 404 532 430 cum
540 393 581 430 haec
588 393 629 442 ipsa
637 404 713 442 expres·

36 464 64 502 sio
76 461 211 511 ambiguitatis
229 466 297 499 notam
317 463 439 510 praeseferret
459 462 534 510 praelati
552 462 633 511 quidam
647 461 712 499 Terrae

35 533 109 571 Sanctae
116 542 192 569 necnon
200 532 288 580 magistri
298 532 451 580 Hospitaliorum
458 543 480 568 ac
487 531 644 580 Templariorum
653 531 712 569 Sum-

35 612 90 640 mum
103 600 218 639 Pontificem
228 601 363 650 supplicavere
372 606 470 650 quatenus
481 601 536 638 omni
550 600 673 639 vacillatione
683 612 712 638 re-

35 670 88 709 mota
102 670 198 708 Ordinem
211 669 325 719 simpliciter
336 671 446 719 approbare
467 670 581 719 dignaretur
599 674 621 708 ut
643 671 712 708 fratres

35 741 86 779 dona
98 739 179 778 uberius
189 739 298 788 suscipiant
310 739 373 777 solitae
385 738 502 790 charitatis(
517 742 531 787 ).

60 809 119 847 Anno
134 810 181 859 1283
193 809 336 847 monasterium
346 808 409 857 Saiadj
419 809 488 847 etlllar
499 809 549 847 Elias
561 820 606 846 cum
621 807 711 857 pluribus

34 879 130 917 casalibus
140 879 160 916 in
170 878 259 916 Carmelo
271 879 314 917 sitis
322 884 458 916 memorantur
469 878 489 915 in
499 884 569 927 treuga
586 879 637 916 inter
646 878 712 916 solda-

34 959 82 986 num
95 947 177 998 AEgypti
190 951 209 984 et
220 948 320 996 principes
334 947 457 986 Christianos
469 946 507 998 (3).

55 1017 127 1055 Eodem
140 1028 192 1054 anno
198 1017 371 1055 fraterBurcardus
380 1017 459 1055 Ordinis
468 1017 620 1055 Praedicatorum
630 1027 709 1055 sacrum

34 1090 123 1124 montem
135 1085 221 1124 visitavit
233 1085 284 1124 sicut
295 1086 338 1135 ipse
347 1087 416 1124 refert:
428 1085 483 1123 «illic
493 1090 523 1123 est
529 1087 574 1124 fons
583 1085 617 1124 ubi
626 1086 711 1134 prophe-

33 1160 97 1193 tarum
105 1155 139 1193 filii
149 1155 276 1194 habitabant:
288 1166 342 1193 nunc
353 1160 419 1193 autem
427 1155 538 1193 inhabitant
544 1156 613 1193 fratres
630 1154 710 1192 Ordinis

33 1225 190 1271 Carmelitarum‚
203 1224 273 1272 fuique
282 1235 327 1262 cum
340 1224 368 1262 eis
377 1224 450 1261 ibidem
462 1235 474 1262 »
486 1222 524 1275 (4)

59 1294 117 1332 Paulo
126 1297 172 1343 post
180 1297 222 1331 tota
233 1294 335 1332 Palaestina
352 1293 442 1331 Carmelo
455 1304 581 1342 nequaquam
595 1297 677 1342 excepto
690 1293 710 1331 in

33 1374 104 1401 manus
113 1362 222 1401 infidelium
232 1363 307 1402 incidit.
320 1362 415 1401 Sanvicus
431 1363 586 1401 destructionem
599 1368 710 1401 conventus

32 1432 93 1470 nostri
103 1417 188 1482 primarii
209 1437 227 1470 et
236 1433 318 1471 fratrum
331 1432 428 1470 excidium
438 1432 491 1470 hisce
501 1432 566 1471 verbis
578 1434 647 1470 refert:
658 1443 670 1470 <‹
682 1432 710 1469 Oe

32 1513 70 1550 qua
77 1499 100 1552 (i.
113 1514 130 1540 e.
139 1501 216 1540 civitate
225 1501 301 1553 Accon)
323 1501 446 1550 egredientes
456 1506 474 1539 et
483 1502 507 1539 ad
519 1507 610 1540 sanetum
620 1506 709 1539 montem

31 1570 114 1608 Carmeli
123 1571 156 1619 qui
168 1570 193 1608 ab
202 1582 224 1608 ea
234 1582 273 1608 non
283 1571 343 1619 longe
351 1571 410 1608 distat
419 1570 556 1615 ascendentes,
564 1570 708 1608 monasterium

31 1639 111 1678 Ordinis
121 1641 203 1678 fratrum
212 1640 233 1677 B.
246 1640 311 1678 Mariae
323 1640 347 1677 de
356 1640 423 1678 Monte
435 1639 519 1678 Carmeli
531 1640 605 1678 ibidem
618 1651 709 1677 commo-

32 1709 124 1754 rantium,
135 1710 159 1747 de
169 1720 209 1757 quo
221 1721 259 1758 ego
269 1719 331 1758 nuper
343 1709 367 1746 ad
379 1709 446 1748 Accon
459 1720 581 1757 perrexeram
593 1708 657 1757 (quod
673 1709 710 1746 fre-

31 1782 114 1826 quenter
125 1778 239 1816 invaserant
256 1778 291 1816 sed
314 1788 424 1826 numquam
437 1778 584 1826 destruxerant)
601 1782 649 1815 tunc
663 1777 709 1826 igne

31 1850 169 1886 cremaverunt
181 1851 200 1884 et
209 1858 280 1885 omnes
292 1849 361 1884 fratres
371 1847 443 1884 ibidem
457 1851 544 1895 repertos
552 1851 572 1884 et
580 1847 637 1898 Saloe
653 1846 710 1895 Regi-

30 1927 56 1954 na
67 1921 167 1956 cantantes
177 1916 243 1965 gladio
253 1916 407 1955 trucidaverunt.
424 1917 446 1954 Et
458 1916 486 1954 sic
507 1916 575 1965 religio
585 1916 621 1954 ista
635 1915 671 1954 fuit
684 1915 708 1953 de

53 2058 73 2100 li)
88 2057 134 2092 lbid.
145 2058 199 2091 Pas.

53 2117 74 2159 (a)
86 2117 158 2160 Specul.
172 2116 251 2149 Carmel.
261 2117 276 2158 l,
291 2117 329 2157 115,
338 2127 355 2148 n.
368 2117 401 2149 500
411 2128 450 2160 sqq.

52 2175 74 2217 (3)
83 2175 189 2218 Roehricht‚
200 2176 283 2218 Regesta,
292 2176 312 2208 Ρ.
324 2175 364 2218 379,
375 2186 393 2208 n.
405 2180 455 2217 1450.

50 2234 79 2277 (4)
88 2235 179 2268 Palestine
185 2234 283 2279 Pilgrims'
294 2233 340 2266 Text
348 2234 388 2267 Soc.
398 2234 450 2278 ledit.
459 2233 508 2276 angl.
515 2233 520 2275 ]
527 2233 568 2276 xit,
577 2244 604 2276 94.
