1631 2703
47 135 49 138 .
84 107 119 155 138
352 117 402 144 acra
416 117 475 146 caen.

82 191 125 228 talia
138 195 157 227 et
169 190 277 228 consimilia
290 195 358 229 contra
371 203 430 230 saum
443 191 582 241 provincialem
598 196 631 230 aut
642 191 684 240 ejus
699 191 749 229 vica-

82 259 132 297 rium
151 264 266 307 attemptare
284 260 446 309 praesumpserint
463 261 494 298 vel
506 260 563 298 etiam
580 264 749 309 praesumpserunt

81 327 130 378 (Fol.
144 329 192 377 45b)
204 329 246 366 loco
259 333 277 366 et
289 340 335 366 voce
347 334 423 366 careant
432 329 474 378 ipso
481 330 530 367 tacto
539 329 607 367 carceri
616 329 746 378 mancipandi.

81 398 120 442 Qn
129 409 175 435 vero
187 402 254 435 contra
266 399 377 446 generalem
389 399 419 434 vel
429 399 471 447 elus
481 398 575 435 vicariurn
588 398 701 446 hujusmodi
714 397 749 435 illi-

82 466 117 503 cita
127 461 278 515 perpetraverint
288 478 322 504 seu
332 466 352 503 in
365 468 460 510 suturam
470 467 523 515 quod
530 467 587 512 absit,
599 467 745 515 perpetrabunt,

83 534 152 572 carceri
166 535 302 583 mancipentur
317 539 336 572 et
352 535 480 572 nihilominus
496 537 538 573 loco
555 540 574 573 et
588 546 643 580 voce,
660 540 711 573 statu
730 539 749 572 et

82 605 143 652 gradu
155 609 174 641 et
181 603 245 641 officio
257 604 300 651 ipso
310 606 359 641 lacto
368 604 386 641 in
396 608 511 652 perpetuum
521 604 560 641 sint
569 604 637 652 privati
649 609 668 640 et
675 613 750 640 secun*

84 672 131 710 dum
144 672 270 720 quantita-tem
281 677 300 709 et
311 672 421 720 qualitatem
434 683 550 710 excessuum
563 672 582 709 in
595 672 665 709 delicto
677 671 750 709 diutius

84 741 103 778 in
115 751 190 778 carcere
201 745 311 787 teneantur,
322 744 343 778 ut
356 740 469 789 laujusmodi
480 740 593 788 poenitentia
602 741 657 778 cedat
667 740 750 788 posteris

85 810 103 847 in
116 812 227 858 exemplum
240 814 259 847 et
273 820 293 846 se
305 814 324 847 et
335 809 376 847 suis
387 809 494 847 temerariis
508 809 620 847 excessibus
636 809 751 857 hujusmodi

85 889 165 916 suarum
178 877 337 926 poenitentiarum
351 879 383 925 qui
397 889 417 914 se
427 878 489 915 taliter
501 882 567 915 contra
580 879 690 926 superiores
700 877 752 915 ordi—

86 947 116 985 nis
125 947 220 984 erexerint
228 958 263 985 seu
273 958 293 984 se
305 946 379 994 erigent
387 946 406 983 in
418 947 506 985 futurum
517 946 625 984 secundum
638 946 751 995 praedictam

85 1016 243 1054 constitutionem
257 1015 342 1064 pensatis
353 1015 460 1063 quantitate
469 1020 487 1052 et
497 1015 587 1064 qualitate
596 1026 750 1053 suorum-exces-

86 1096 145 1125 suum
158 1084 218 1132 rigide
228 1084 333 1133 puniantur
344 1090 363 1130 et
372 1084 498 1133 castigentur.
681 1130 683 1135 y
726 1126 727 1129 Ἴ

111 1155 158 1192 ltem
176 1153 290 1198 ordinamus
305 1153 411 1202 capitulum
424 1154 513 1202 generale
525 1153 637 1201 proximum
654 1153 752 1199 celebran-

85 1224 133 1261 dum
143 1223 167 1259 ad
176 1227 215 1260 nes
224 1233 287 1260 annos
294 1223 313 1260 in
324 1223 373 1260 sesto
383 1223 507 1260 Pentecostes
516 1222 612 1260 lemovici
624 1222 643 1259 in
654 1222 752 1270 provincia

86 1292 204 1342 Aquitaniae.
217 1292 239 1329 Et
255 1291 398 1329 committimus
410 1291 468 1340 priori
481 1291 566 1341 generali
582 1290 717 1329 auctoritatem
733 1296 753 1329 et

87 1366 202 1410 potestatem
220 1361 308 1399 mutandi
325 1361 340 1398 si
359 1360 463 1398 necessitas
475 1344 599 1410 superveniat
613 1361 643 1398 vel
655 1365 751 1398 occurrat.

86 1431 161 1468 Omnes
173 1429 323 1468 constitutiones
335 1429 441 1468 contrarias
453 1430 568 1478 supradictis
578 1429 753 1477 simpliciter-revo-

86 1510 160 1538 camus.

339 1597 498 1605 -————n.

114 1698 149 1735 lle
165 1707 215 1736 suar
227 1707 386 1735 consn‘runoves
404 1708 464 1736 eone
478 1708 512 1736 eea
529 1707 657 1736 aeaeaenoun
674 1697 753 1751 Pariana

87 1776 177 1804 nosrnun
191 1766 275 1805 Peroaeu
287 1766 403 1804 Geneaaren
415 1777 438 1803 ac
450 1753 675 1814 arremaroaes.Cae1ruu
690 1766 754 1808 Gene-

89 1846 140 1873 aans
152 1836 209 1874 Anao
221 1836 289 1873 Domai
298 1836 482 1873 ‘MCCCXXlthin
495 1846 553 1873 resro
570 1836 701 1874 Pentecosres
720 1835 754 1873 La-

89 1915 153 1942 novrcr
165 1903 291 1954 certamen(
305 1904 327 1955 ).,

123 2016 150 2053 De
162 2015 228 2054 divino
239 2015 303 2053 officio
314 2020 333 2053 et
343 2017 402 2053 inodo
412 2016 501 2064 pulsandi
508 2015 590 2053 Rubrica
602 2003 620 2052 lll
633 2006 753 2064 paragrapho

90 2084 182 2122 Ordinale
193 2087 255 2122 atatem
264 2090 300 2122 etc.
313 2083 343 2136 (a)
356 2085 450 2123 inseratur
464 2085 518 2139 quod
530 2073 700 2136 commemoratio·
711 2086 756 2122 bea-

90 2161 114 2192 tae
127 2154 214 2204 Virginis
227 2154 246 2191 in
256 2154 339 2192 sabbato
349 2155 379 2191 vel
394 2154 413 2191 in
426 2146 551 2202 quercumque
563 2143 598 2191 alia
610 2140 644 2191 ³die
662 2155 756 2192 celebrata

73 2274 74 2277 Ἴ
92 2223 149 2262 inerit
156 2224 180 2261 ad
188 2223 269 2272 modurn
279 2223 323 2260 resti
332 2222 414 2272 duplicis
423 2223 530 2261 celebretur
539 2234 583 2260 cum
595 2227 653 2261 cantu
661 2228 754 2262 consueto

112 2339 133 2380 (al
143 2338 239 2392 'Limogea
248 2336 276 2372 die
289 2336 309 2369 16
322 2336 371 2380 Maji.

112 2397 133 2441 (2)
141 2407 159 2429 n.
169 2409 186 2441 7.
