1631 2703
323 131 346 158 DE
371 131 436 159 Pnttlo
673 131 708 158 221

44 204 170 249 dusCaillau,
183 205 336 254 provinciiliset
349 205 439 243 dennitor
452 205 567 254 Aquitaniae
581 210 600 243 et
592 205 711 243 ttnruliaiii

43 274 79 311 frat
72 278 111 311 tres
122 285 208 321 quorum
221 276 301 312 nomina
313 286 324 311 n
327 286 353 312 on
364 279 474 312 memorant
477 286 499 311 ur
506 274 543 325 (r)
555 274 618 312 Lectio
631 275 663 312 dat
655 279 711 312 taest

43 342 73 379 litt
66 347 149 379 terarurn
162 347 218 391 apost
212 342 311 380 tolicarum
322 342 426 380 Alexandri
434 342 458 380 IV
467 354 526 390 super
536 343 630 380 electione
641 342 711 391 prioris

43 411 171 460 generaliset
188 417 231 449 auc
233 416 289 449 on
290 411 394 460 capiuli
406 411 510 460 gerentis
527 422 603 448 necnon
619 412 709 449 binarum

42 480 72 517 litt
65 484 149 517 terarum
161 480 247 518 Gervasii
263 481 328 517 Presb.
340 479 448 518 Cardinalis
464 479 483 517 S.
493 479 569 517 Mat'ntrni
579 480 599 517 in
609 479 711 517 Montibus

42 548 114 596 quibus
131 548 282 586 confirmabatur
298 549 348 586 vivae
363 548 418 585 vocis
433 549 534 585 oraculum
549 548 629 585 Honorii
645 549 668 585 IV
686 549 710 585 de

43 616 151 654 mutatione
163 617 221 664 pallii.
232 618 251 654 tn
261 616 359 665 provincia
369 616 445 664 Angiiae
456 618 496 654 traec
506 617 592 662 mutatio
598 622 671 664 peracta
681 622 711 654 est

5 714 7 717 .
43 685 61 722 in
71 685 155 733 capituto
165 685 275 734 provinciali
285 685 389 723 Lincolniae
401 685 420 722 in
433 686 483 722 testo
493 685 618 722 Exaltanonis
630 685 649 722 S.
663 685 711 723 Cru-

43 753 69 789 cis
79 753 166 801 ejusdem
177 753 230 790 anni.

65 822 122 868 Juvat
129 822 159 859 hic
167 823 268 870 paululum
275 822 293 859 in
301 822 420 859 discutiendo
428 821 536 859 mutatione
543 822 593 870 paiiii
601 821 709 860 immorari.

42 890 150 928 Carmelitae
164 901 208 927 cum
222 890 317 938 Europam
334 891 409 927 adirent
425 891 530 927 utebantur
542 890 599 939 pallio
612 892 650 927 fere
662 902 711 939 qua-

42 959 97 996 drato
109 958 151 996 sine
162 959 246 1006 caputio,
260 963 335 1006 septem
348 959 435 1006 partibus
451 958 573 996 verticalibus
583 960 611 1005 (et
623 970 662 995 non
674 959 710 996 cir-

32 1027 160 1071 cumductis,
171 1032 193 1064 ut
205 1031 257 1075 patet
266 1038 289 1063 err
301 1027 385 1075 capituto
397 1026 515 1064 iondinensi
524 1027 569 1063 anni
581 1026 639 1077 1281)
651 1028 710 1064 veluti

42 1095 99 1133 radiis
122 1095 220 1140 distincto,
244 1106 327 1143 quarum
347 1101 386 1133 tres
411 1101 465 1132 erant
488 1095 537 1143 nigri
557 1096 587 1132 vel
610 1095 668 1144 grisei
691 1101 710 1133 et

42 1167 127 1211 quatuor
138 1163 176 1200 albi
188 1163 265 1201 coloris.
276 1163 303 1200 De
316 1163 406 1211 peculiari
419 1164 456 1200 hoc
468 1163 534 1200 habitu
546 1163 633 1211 loquitur
644 1168 711 1201 auctor

42 1232 148 1280 antiquus:

167 1316 195 1353 De
206 1316 228 1353 C
227 1317 296 1353 irmeio
308 1316 391 1353 veniunt
383 1317 439 1353 tatiri
431 1320 470 1353 tres
483 1316 581 1364 virgulati,

170 1385 192 1422 Hi
204 1390 226 1422 ut
238 1386 297 1433 vulgo
310 1384 354 1422 dicit
347 1390 379 1422 tur
389 1386 424 1421 frat
426 1396 455 1422 res
467 1390 514 1423 sunt
523 1385 574 1422 beati
560 1384 606 1435 t12(
609 1385 623 1436 )

68 1468 115 1506 Hinc
132 1468 190 1506 etiam
202 1469 317 1506 dicebantur
333 1469 407 1506 Fratres
419 1468 495 1512 barrati,
514 1480 549 1506 seu
564 1469 673 1518 stragulati,
692 1474 711 1506 et

41 1542 70 1574 sat
87 1537 219 1574 communiter
235 1536 310 1573 Fratres
328 1537 352 1573 de
370 1537 417 1584 pica.
437 1537 499 1584 Hujus
517 1537 595 1574 habitus
612 1537 707 1574 rationem

41 1607 128 1643 enucleat
140 1606 247 1653 capitutum
260 1605 383 1642 Londinense
395 1605 418 1642 de
430 1616 469 1653 quo
482 1616 548 1653 supra.
562 1605 627 1643 Minus
642 1609 707 1642 tamen

40 1673 182 1710 conveniebant
191 1673 232 1710 haec
242 1672 297 1721 pallia
307 1661 330 1709 eo
342 1673 403 1721 quod,
412 1684 423 1709 (Γ
434 1673 456 1710 de
466 1673 523 1720 petiis
531 1684 570 1710 non
581 1679 664 1711 consuta
673 1674 707 1711 sed

41 1746 151 1778 contexta»
173 1741 226 1778 haud
249 1740 304 1778 facile
327 1742 500 1790 praeparabantur3
520 1746 538 1778 et
562 1742 623 1779 risum
643 1743 708 1790 potius

41 1821 100 1858 quam
111 1809 235 1847 devotionern
246 1810 377 1857 spectantium
390 1810 526 1847 movebantur.
540 1810 642 1857 Propterea
651 1811 710 1847 habe-

40 1883 73 1916 tur
90 1879 108 1915 in
126 1878 219 1926 rescripto
237 1878 343 1916 Cardinalis
363 1878 462 1915 Gervasii:
481 1890 492 1915 <t
510 1878 601 1926 Exposita
618 1889 652 1926 per
672 1889 708 1916 nos

41 1954 105 1984 coram
115 1947 201 1985 Honorio
214 1947 238 1984 IV
250 1958 274 1984 ex
286 1945 339 1995 parte
351 1953 415 1984 vestra
425 1945 491 1994 petitio
500 1946 613 1984 continebat
622 1947 675 1995 quod
685 1958 708 1984 ex

41 2016 131 2053 varietate
149 2016 219 2053 coloris
237 2026 296 2064 quam
314 2015 396 2064 gestatis
413 2015 433 2052 in
448 2015 517 2052 vestris
537 2015 659 2065 clamydibus
674 2026 709 2052 seu

41 2085 138 2122 mantellis
150 2096 190 2122 non
203 2084 302 2122 modicum
314 2084 371 2121 vobis
381 2088 399 2121 et
411 2083 479 2121 Ordini
488 2088 554 2121 vestro
566 2084 706 2121 detrimentum

40 2157 59 2189 et
78 2153 190 2190 scandalum
211 2157 320 2201 generatur,
334 2163 358 2189 ex
375 2151 467 2199 eoquod
483 2151 541 2199 panni
559 2152 586 2189 sic
603 2151 649 2188 varii
666 2151 708 2188 sine

61 2329 222 2371 (ΓΙΒΓΓΙΙΓΓΙΓΓΓΓΓΙ
232 2329 251 2362 35
263 2339 303 2371 sqq

61 2388 82 2429 ta)
94 2389 168 2427 Pertz,r
163 2387 282 2420 Monumenta
292 2386 399 2426 Germaniae,
410 2384 517 2428 Scriptores,
526 2360 611 2426 ΧΧΙΙ,5
592 2386 624 2418 28
