1631 2703
84 98 119 147 198
345 106 404 134 caan.
418 107 486 135 canen.

79 180 169 229 generale
180 179 200 216 in
212 184 311 218 conventu
323 180 469 218 lemovicarum
482 181 506 226 in
518 180 617 228 provincia
629 178 745 226 Aquitaniae,

80 254 99 286 et
111 249 164 285 tactae
176 254 223 286 sunt
232 260 299 297 paucae
308 249 417 287 additiones
429 249 452 286 de
464 248 530 286 divino
542 248 614 295 officio,
626 248 681 285 Petro
690 258 748 296 gene-

81 317 121 354 rali.

107 387 166 422 Anno
181 385 260 423 Domini
281 396 326 435 134¹
346 386 394 423 circa
411 385 524 423 Adventum
539 385 617 423 Domini
632 388 748 432 assumptus

81 453 143 491 estad
158 454 293 502 episcopatum
310 454 451 491 Vasionensem
463 454 555 502 Magister
570 455 638 491 Petrus
652 453 676 489 de
692 453 747 494 Casa,

82 523 116 570 qui
130 523 170 559 iere
179 522 282 560 duodecim
294 522 351 560 annis
364 527 438 560 rexerat
448 523 545 566 ordinem,
558 527 577 560 et
587 522 661 559 vacavit
669 532 750 569 genera·

83 592 133 628 latus
150 582 252 638 usquead
270 590 397 628 Pentecosten
413 591 525 628 immediate
540 595 662 639 sequentem,
680 595 698 627 et
713 589 750 627 sub

82 670 134 696 anno
147 659 224 696 Domini
240 669 288 707 1342
300 659 417 696 celebratum
434 659 469 696 suit
481 659 587 707 capitulum
601 659 690 707 generale
702 659 751 707 Lug-

83 727 131 766 duni
140 728 160 765 in
170 726 268 776 provincia
279 727 383 771 Narbonae,
396 727 430 765 ubi
442 728 520 765 duobus
531 728 617 776 exceptis
631 727 752 765 concorditer

83 797 107 833 ab
121 796 214 833 omnibus
223 797 295 833 electus
310 796 346 833 tuit
360 795 379 832 in
392 796 503 844 generalem
515 795 607 844 Magister
617 795 673 832 trater
684 795 751 832 Petrus

84 864 195 915 Raymundi
207 864 294 913 ejusdem
308 863 419 912 provinciae,
433 868 451 901 et
463 863 488 901 ibi
503 865 558 901 tacte
572 868 619 901 sunt
633 863 750 901 additiones.

112 933 170 987 Anno
182 931 260 970 Domini
279 942 326 982 1345
338 932 362 969 'in
372 932 485 970 Pentecoste
502 931 605 969 Mediolani
620 931 640 968 in
653 931 751 980 provincia

84 1000 205 1040 lumbardia
220 1000 326 1049 capitulum
344 1001 432 1050 generale
449 1000 486 1039 fuit
502 1000 627 1044 celebratum,
647 999 679 1038 ubi
696 1001 752 1053 iactae

84 1074 130 1109 sunt
139 1070 248 1108 additiones
260 1070 348 1118 quaedam
360 1073 379 1107 et
390 1069 540 1108 constitutiones
553 1070 627 1114 multae,
638 1069 693 1107 Petro
703 1069 752 1119 Ray-

85 1139 153 1177 mundi
165 1138 258 1188 generali.

111 1208 170 1247 Anno
182 1208 260 1246 Domini
282 1209 330 1258 1348
348 1208 367 1245 in
385 1208 497 1246 Pentecoste
509 1207 527 1244 in
543 1211 641 1245 conventu
656 1206 752 1245 Methensi

85 1277 203 1315 celebrat-um
216 1276 252 1315 tuit
263 1276 369 1325 capitulum
382 1277 472 1325 generale
483 1277 503 1314 in
515 1276 614 1325 provincia
624 1276 708 1314 Franciae
720 1276 752 1314 ubi

86 1357 152 1395 paucae
165 1347 219 1384 tactae
234 1350 281 1384 sunt
297 1345 406 1383 additiones
421 1344 592 1390 constitutionum,
611 1345 667 1383 Petro
682 1346 753 1393 guber-

87 1419 151 1452 nante.

112 1483 170 1521 Anno
185 1482 264 1521 Domini
279 1494 325 1532 1351
344 1483 363 1520 in
378 1483 427 1520 testo
442 1483 566 1521 Pentecostes
582 1482 700 1521 celebratum
718 1482 754 1521 iuit

85 1552 192 1601 capitulum
204 1552 294 1601 generale
303 1551 410 1601 Perpiniani
420 1551 438 1589 in
451 1551 550 1600 provincia
562 1551 685 1595 Cathaloniae‚
699 1553 754 1590 Petro

85 1619 218 1670 generali.(1)
724 1605 726 1608 Α
766 1608 768 1610 ’

112 1690 171 1728 Anno
186 1689 265 1727 Domini
287 1701 335 1739 1357
354 1689 471 1728 celebratum
490 1690 526 1727 11111
542 1690 647 1739 capitulum
665 1689 754 1739 generale

86 1758 175 1796 Ferrarire
184 1758 202 1795 in
211 1758 310 1807 provincia
317 1758 464 1796 Lumbardiaein
471 1760 590 1803 Pentecoste,
600 1763 619 1796 et
628 1759 695 1796 eodem
702 1769 755 1796 anno

87 1827 106 1865 in
118 1828 168 1864 sesto
176 1832 248 1864 sanctae
255 1826 336 1864 Caeciliae
345 1826 393 1865 obiit
402 1827 493 1875 Magister
501 1828 557 1864 irater
565 1830 632 1866 Petrus
643 1826 754 1877 Raymundi

87 1896 107 1933 in
119 1895 185 1932 Monte
201 1895 314 1939 Pessulano,
330 1901 348 1932 et
361 1895 472 1933 ordinatum
488 1895 525 1933 tuit
542 1901 560 1933 et
577 1901 707 1933 convocatum
725 1907 755 1933 se-

87 1975 151 2013 quens
160 1964 267 2012 capitulum
278 1964 393 2013 Burdigaliae
403 1969 446 2002 tum
459 1964 513 2013 quod
522 1964 612 2013 Magister
621 1965 689 2002 Petrus
698 1965 753 2007 obiit,

109 2112 137 2153 (r)
147 2110 203 2143 Varie.
217 2109 283 2143 rectius
293 2109 347 2143 haber
359 2109 395 2143 sic:
406 2111 459 2143 Anno
470 2110 542 2143 Domini
554 2110 592 2143 1351
606 2109 680 2143 infesto
693 2111 756 2143 Pente-

88 2177 145 2202 cosres
158 2168 242 2202 Tholosae
251 2168 269 2200 in
283 2168 374 2210 provincia
386 2168 492 2201 Tholosana
501 2168 575 2201 fuerunt
585 2179 646 2211 paucae
655 2168 755 2202 additiones

87 2219 226 2260 factm-Petrus
242 2227 344 2270 Raymundi
359 2226 454 2270 generalis.
466 2228 520 2259 Anno
536 2227 607 2259 Domini
623 2227 666 2268 1354
680 2227 756 2260 infesto

90 2287 205 2319 Pentecostes
217 2285 318 2328 Perpiniani
331 2284 428 2329 provinciae
439 2284 569 2318 Cathalauniae.
581 2286 644 2318 Petrus
654 2285 756 2329 Raymundi

89 2345 183 2388 generalis.
