<?xml version="1.0" encoding="UTF-8"?>
<!DOCTYPE html PUBLIC "-//W3C//DTD XHTML 1.0 Transitional//EN"
    "http://www.w3.org/TR/xhtml1/DTD/xhtml1-transitional.dtd">
<html xmlns="http://www.w3.org/1999/xhtml" xml:lang="en" lang="en">
 <head>
  <title>
</title>
<meta http-equiv="Content-Type" content="text/html;charset=utf-8" />
  <meta name='ocr-system' content='tesseract 3.04.00' />
  <meta name='ocr-capabilities' content='ocr_page ocr_carea ocr_par ocr_line ocrx_word'/>
</head>
<body>
  <div class='ocr_page' id='page_1' title='image "MN5087ucmf_2_0200.png"; bbox 0 0 1631 2703; ppageno 0'>
   <div class='ocr_carea' id='block_1_1' title="bbox 77 88 463 140">
    <p class='ocr_par' dir='ltr' id='par_1_1' title="bbox 77 88 463 140">
     <span class='ocr_line' id='line_1_1' title="bbox 77 88 463 140; baseline -0.003 -15"><span class='ocrx_word' id='word_1_1' title='bbox 77 88 112 135; x_wconf 84' lang='lat'>184</span> <span class='ocrx_word' id='word_1_2' title='bbox 275 135 276 138; x_wconf 11' lang='grc' dir='ltr'><strong>Ἴ</strong></span> <span class='ocrx_word' id='word_1_3' title='bbox 339 96 387 125; x_wconf 80' lang='lat' dir='ltr'>acra</span> <span class='ocrx_word' id='word_1_4' title='bbox 396 96 463 140; x_wconf 22' lang='lat' dir='ltr'>carn.-</span> 
     </span>
    </p>
   </div>
   <div class='ocr_carea' id='block_1_2' title="bbox 24 171 752 2289">
    <p class='ocr_par' dir='ltr' id='par_1_2' title="bbox 74 171 742 635">
     <span class='ocr_line' id='line_1_2' title="bbox 100 171 740 221; baseline 0 -11"><span class='ocrx_word' id='word_1_5' title='bbox 100 172 183 210; x_wconf 84' lang='lat' dir='ltr'>Rubrica</span> <span class='ocrx_word' id='word_1_6' title='bbox 194 172 242 209; x_wconf 83' lang='lat' dir='ltr'>XVll</span> <span class='ocrx_word' id='word_1_7' title='bbox 253 173 278 209; x_wconf 79' lang='lat' dir='ltr'>de</span> <span class='ocrx_word' id='word_1_8' title='bbox 289 172 354 209; x_wconf 83' lang='lat' dir='ltr'>officio</span> <span class='ocrx_word' id='word_1_9' title='bbox 364 173 433 221; x_wconf 85' lang='lat' dir='ltr'>prioris</span> <span class='ocrx_word' id='word_1_10' title='bbox 450 172 546 221; x_wconf 82' lang='lat' dir='ltr'>generalis</span> <span class='ocrx_word' id='word_1_11' title='bbox 558 172 581 209; x_wconf 91' lang='lat' dir='ltr'>de</span> <span class='ocrx_word' id='word_1_12' title='bbox 593 171 630 210; x_wconf 94' lang='lat' dir='ltr'>illis</span> <span class='ocrx_word' id='word_1_13' title='bbox 648 171 740 210; x_wconf 80' lang='lat' dir='ltr'>clausulis</span> 
     </span>
     <span class='ocr_line' id='line_1_3' title="bbox 74 239 741 294; baseline 0.001 -16"><span class='ocrx_word' id='word_1_14' title='bbox 74 240 117 279; x_wconf 80' lang='lat' dir='ltr'>Non</span> <span class='ocrx_word' id='word_1_15' title='bbox 136 242 198 278; x_wconf 75' lang='lat' dir='ltr'>laram</span> <span class='ocrx_word' id='word_1_16' title='bbox 207 244 241 288; x_wconf 80' lang='lat' dir='ltr'>prr</span> <span class='ocrx_word' id='word_1_17' title='bbox 252 240 345 278; x_wconf 82' lang='lat' dir='ltr'>vicariurn</span> <span class='ocrx_word' id='word_1_18' title='bbox 363 239 393 292; x_wconf 90' lang='lat' dir='ltr'>(r)</span> <span class='ocrx_word' id='word_1_19' title='bbox 409 241 444 279; x_wconf 70' lang='lat' dir='ltr'>&amp;c</span> <span class='ocrx_word' id='word_1_20' title='bbox 463 241 547 278; x_wconf 79' lang='lat' dir='ltr'>radatur.</span> <span class='ocrx_word' id='word_1_21' title='bbox 563 241 609 278; x_wconf 80' lang='lat' dir='ltr'>item</span> <span class='ocrx_word' id='word_1_22' title='bbox 621 241 674 289; x_wconf 88' lang='lat' dir='ltr'>quod</span> <span class='ocrx_word' id='word_1_23' title='bbox 693 240 741 294; x_wconf 82' lang='lat' dir='ltr'>alios</span> 
     </span>
     <span class='ocr_line' id='line_1_4' title="bbox 74 310 742 359; baseline 0.001 -11"><span class='ocrx_word' id='word_1_24' title='bbox 74 310 165 348; x_wconf 82' lang='lat' dir='ltr'>officiales</span> <span class='ocrx_word' id='word_1_25' title='bbox 186 322 323 359; x_wconf 90' lang='lat' dir='ltr'>quoscumque</span> <span class='ocrx_word' id='word_1_26' title='bbox 339 310 438 349; x_wconf 81' lang='lat' dir='ltr'>interiores</span> <span class='ocrx_word' id='word_1_27' title='bbox 455 310 518 359; x_wconf 87' lang='lat' dir='ltr'>priore</span> <span class='ocrx_word' id='word_1_28' title='bbox 528 310 591 359; x_wconf 79' lang='lat' dir='ltr'>possit</span> <span class='ocrx_word' id='word_1_29' title='bbox 606 311 707 349; x_wconf 85' lang='lat' dir='ltr'>absolvere</span> <span class='ocrx_word' id='word_1_30' title='bbox 718 323 742 349; x_wconf 88' lang='lat' dir='ltr'>ex</span> 
     </span>
     <span class='ocr_line' id='line_1_5' title="bbox 74 379 741 427; baseline 0.001 -11"><span class='ocrx_word' id='word_1_31' title='bbox 74 390 139 422; x_wconf 80' lang='lat' dir='ltr'>causa,</span> <span class='ocrx_word' id='word_1_32' title='bbox 147 390 192 427; x_wconf 84' lang='lat' dir='ltr'>quae</span> <span class='ocrx_word' id='word_1_33' title='bbox 199 379 235 417; x_wconf 89' lang='lat' dir='ltr'>sibi</span> <span class='ocrx_word' id='word_1_34' title='bbox 246 379 343 416; x_wconf 90' lang='lat' dir='ltr'>videbitur</span> <span class='ocrx_word' id='word_1_35' title='bbox 353 379 478 416; x_wconf 80' lang='lat' dir='ltr'>rationabilis.</span> <span class='ocrx_word' id='word_1_36' title='bbox 489 381 534 417; x_wconf 90' lang='lat' dir='ltr'>ltem</span> <span class='ocrx_word' id='word_1_37' title='bbox 544 380 669 417; x_wconf 81' lang='lat' dir='ltr'>concedimus</span> <span class='ocrx_word' id='word_1_38' title='bbox 685 380 741 427; x_wconf 90' lang='lat' dir='ltr'>priori</span> 
     </span>
     <span class='ocr_line' id='line_1_6' title="bbox 75 448 741 497; baseline 0.002 -11"><span class='ocrx_word' id='word_1_39' title='bbox 75 448 168 497; x_wconf 82' lang='lat' dir='ltr'>generali,</span> <span class='ocrx_word' id='word_1_40' title='bbox 182 448 234 496; x_wconf 93' lang='lat' dir='ltr'>quod</span> <span class='ocrx_word' id='word_1_41' title='bbox 247 448 310 497; x_wconf 81' lang='lat' dir='ltr'>possit</span> <span class='ocrx_word' id='word_1_42' title='bbox 322 448 440 497; x_wconf 87' lang='lat' dir='ltr'>provinciam</span> <span class='ocrx_word' id='word_1_43' title='bbox 452 453 470 485; x_wconf 89' lang='lat' dir='ltr'>et</span> <span class='ocrx_word' id='word_1_44' title='bbox 481 453 608 492; x_wconf 88' lang='lat' dir='ltr'>conventum,</span> <span class='ocrx_word' id='word_1_45' title='bbox 621 448 653 486; x_wconf 92' lang='lat' dir='ltr'>ubi</span> <span class='ocrx_word' id='word_1_46' title='bbox 667 460 741 487; x_wconf 81' lang='lat' dir='ltr'>rnoranr</span> 
     </span>
     <span class='ocr_line' id='line_1_7' title="bbox 74 516 742 570; baseline 0.001 -17"><span class='ocrx_word' id='word_1_47' title='bbox 74 517 140 562; x_wconf 75' lang='lat' dir='ltr'>trahit,</span> <span class='ocrx_word' id='word_1_48' title='bbox 156 517 240 555; x_wconf 89' lang='lat' dir='ltr'>eximere</span> <span class='ocrx_word' id='word_1_49' title='bbox 252 529 261 554; x_wconf 82' lang='lat' dir='ltr'>a</span> <span class='ocrx_word' id='word_1_50' title='bbox 273 517 370 554; x_wconf 80' lang='lat' dir='ltr'>taxatione</span> <span class='ocrx_word' id='word_1_51' title='bbox 383 518 401 554; x_wconf 91' lang='lat' dir='ltr'>in</span> <span class='ocrx_word' id='word_1_52' title='bbox 414 522 456 554; x_wconf 89' lang='lat' dir='ltr'>toto</span> <span class='ocrx_word' id='word_1_53' title='bbox 471 518 500 554; x_wconf 87' lang='lat' dir='ltr'>vel</span> <span class='ocrx_word' id='word_1_54' title='bbox 509 516 558 567; x_wconf 83' lang='lat' dir='ltr'>(Fol.</span> <span class='ocrx_word' id='word_1_55' title='bbox 579 528 602 567; x_wconf 76' lang='lat'>59</span> <span class='ocrx_word' id='word_1_56' title='bbox 614 517 633 567; x_wconf 71' lang='lat' dir='ltr'>al</span> <span class='ocrx_word' id='word_1_57' title='bbox 649 518 671 570; x_wconf 86' lang='lat' dir='ltr'>in</span> <span class='ocrx_word' id='word_1_58' title='bbox 681 522 742 569; x_wconf 72' lang='lat' dir='ltr'>parte,v</span> 
     </span>
     <span class='ocr_line' id='line_1_8' title="bbox 76 585 630 635; baseline 0.002 -12"><span class='ocrx_word' id='word_1_59' title='bbox 76 586 185 631; x_wconf 87' lang='lat' dir='ltr'>secundum</span> <span class='ocrx_word' id='word_1_60' title='bbox 195 587 249 634; x_wconf 93' lang='lat' dir='ltr'>quod</span> <span class='ocrx_word' id='word_1_61' title='bbox 261 586 277 623; x_wconf 85' lang='lat' dir='ltr'>ei</span> <span class='ocrx_word' id='word_1_62' title='bbox 290 585 386 624; x_wconf 87' lang='lat' dir='ltr'>ridebitur</span> <span class='ocrx_word' id='word_1_63' title='bbox 393 586 447 635; x_wconf 87' lang='lat' dir='ltr'>juxta</span> <span class='ocrx_word' id='word_1_64' title='bbox 459 586 553 635; x_wconf 88' lang='lat' dir='ltr'>temporis</span> <span class='ocrx_word' id='word_1_65' title='bbox 563 590 630 624; x_wconf 85' lang='lat' dir='ltr'>ratam.</span> 
     </span>
    </p>

    <p class='ocr_par' dir='ltr' id='par_1_3' title="bbox 77 654 745 909">
     <span class='ocr_line' id='line_1_9' title="bbox 103 654 743 705; baseline 0 -13"><span class='ocrx_word' id='word_1_66' title='bbox 103 654 247 693; x_wconf 81' lang='lat' dir='ltr'>iternRubrica</span> <span class='ocrx_word' id='word_1_67' title='bbox 263 655 286 692; x_wconf 81' lang='grc' dir='ltr'>[Χ</span> <span class='ocrx_word' id='word_1_68' title='bbox 303 655 326 692; x_wconf 92' lang='lat' dir='ltr'>de</span> <span class='ocrx_word' id='word_1_69' title='bbox 344 654 454 703; x_wconf 74' lang='lat' dir='ltr'>hospitibus</span> <span class='ocrx_word' id='word_1_70' title='bbox 472 655 583 699; x_wconf 80' lang='lat' dir='ltr'>statuimus,</span> <span class='ocrx_word' id='word_1_71' title='bbox 603 656 656 703; x_wconf 91' lang='lat' dir='ltr'>quod</span> <span class='ocrx_word' id='word_1_72' title='bbox 676 657 743 705; x_wconf 79' lang='lat' dir='ltr'>iratres</span> 
     </span>
     <span class='ocr_line' id='line_1_10' title="bbox 77 723 743 772; baseline 0.003 -12"><span class='ocrx_word' id='word_1_73' title='bbox 77 724 165 772; x_wconf 82' lang='lat' dir='ltr'>hospites</span> <span class='ocrx_word' id='word_1_74' title='bbox 177 723 196 760; x_wconf 91' lang='lat' dir='ltr'>in</span> <span class='ocrx_word' id='word_1_75' title='bbox 206 734 332 771; x_wconf 86' lang='lat' dir='ltr'>quocumque</span> <span class='ocrx_word' id='word_1_76' title='bbox 344 727 440 761; x_wconf 84' lang='lat' dir='ltr'>conventu</span> <span class='ocrx_word' id='word_1_77' title='bbox 451 723 527 767; x_wconf 82' lang='lat' dir='ltr'>luerint,</span> <span class='ocrx_word' id='word_1_78' title='bbox 542 728 587 771; x_wconf 92' lang='lat' dir='ltr'>post</span> <span class='ocrx_word' id='word_1_79' title='bbox 599 723 681 771; x_wconf 81' lang='lat' dir='ltr'>primam</span> <span class='ocrx_word' id='word_1_80' title='bbox 692 724 743 762; x_wconf 83' lang='lat' dir='ltr'>diem</span> 
     </span>
     <span class='ocr_line' id='line_1_11' title="bbox 77 791 743 841; baseline -0.002 -11"><span class='ocrx_word' id='word_1_81' title='bbox 77 792 277 841; x_wconf 87' lang='lat' dir='ltr'>sequanturchorum</span> <span class='ocrx_word' id='word_1_82' title='bbox 290 792 314 828; x_wconf 87' lang='lat' dir='ltr'>de</span> <span class='ocrx_word' id='word_1_83' title='bbox 326 791 356 828; x_wconf 91' lang='lat' dir='ltr'>die</span> <span class='ocrx_word' id='word_1_84' title='bbox 368 796 386 828; x_wconf 90' lang='lat' dir='ltr'>et</span> <span class='ocrx_word' id='word_1_85' title='bbox 398 791 462 839; x_wconf 74' lang='lat' dir='ltr'>dicant</span> <span class='ocrx_word' id='word_1_86' title='bbox 480 792 549 829; x_wconf 75' lang='lat' dir='ltr'>missos</span> <span class='ocrx_word' id='word_1_87' title='bbox 568 802 620 836; x_wconf 87' lang='lat' dir='ltr'>suas,</span> <span class='ocrx_word' id='word_1_88' title='bbox 642 792 679 829; x_wconf 90' lang='lat' dir='ltr'>nisi</span> <span class='ocrx_word' id='word_1_89' title='bbox 691 793 743 831; x_wconf 82' lang='lat' dir='ltr'>aliud</span> 
     </span>
     <span class='ocr_line' id='line_1_12' title="bbox 78 860 745 909; baseline 0 -11"><span class='ocrx_word' id='word_1_90' title='bbox 78 861 242 909; x_wconf 74' lang='lat' dir='ltr'>impedimentum</span> <span class='ocrx_word' id='word_1_91' title='bbox 256 860 380 909; x_wconf 84' lang='lat' dir='ltr'>negotiorum</span> <span class='ocrx_word' id='word_1_92' title='bbox 392 871 472 909; x_wconf 83' lang='lat' dir='ltr'>suorum</span> <span class='ocrx_word' id='word_1_93' title='bbox 486 861 514 898; x_wconf 82' lang='lat' dir='ltr'>rel</span> <span class='ocrx_word' id='word_1_94' title='bbox 527 861 616 898; x_wconf 88' lang='lat' dir='ltr'>laborum</span> <span class='ocrx_word' id='word_1_95' title='bbox 629 862 666 898; x_wconf 93' lang='lat' dir='ltr'>hoc</span> <span class='ocrx_word' id='word_1_96' title='bbox 683 861 745 909; x_wconf 89' lang='lat' dir='ltr'>impe-</span> 
     </span>
    </p>

    <p class='ocr_par' dir='ltr' id='par_1_4' title="bbox 24 929 752 2289">
     <span class='ocr_line' id='line_1_13' title="bbox 78 929 744 978; baseline 0.002 -12"><span class='ocrx_word' id='word_1_97' title='bbox 78 929 117 967; x_wconf 89' lang='lat' dir='ltr'>diat</span> <span class='ocrx_word' id='word_1_98' title='bbox 129 929 235 967; x_wconf 87' lang='lat' dir='ltr'>evidenter.</span> <span class='ocrx_word' id='word_1_99' title='bbox 246 929 299 972; x_wconf 81' lang='lat' dir='ltr'>item,</span> <span class='ocrx_word' id='word_1_100' title='bbox 311 930 364 977; x_wconf 86' lang='lat' dir='ltr'>qnod</span> <span class='ocrx_word' id='word_1_101' title='bbox 374 930 442 966; x_wconf 83' lang='lat' dir='ltr'>fratres</span> <span class='ocrx_word' id='word_1_102' title='bbox 452 929 539 978; x_wconf 81' lang='lat' dir='ltr'>hospites</span> <span class='ocrx_word' id='word_1_103' title='bbox 549 935 652 968; x_wconf 78' lang='lat' dir='ltr'>teneantur</span> <span class='ocrx_word' id='word_1_104' title='bbox 662 931 744 968; x_wconf 87' lang='lat' dir='ltr'>revelare</span> 
     </span>
     <span class='ocr_line' id='line_1_14' title="bbox 24 983 742 1047; baseline 0.003 -12"><span class='ocrx_word' id='word_1_105' title='bbox 24 983 26 986; x_wconf 22' lang='grc' dir='ltr'>ι</span> <span class='ocrx_word' id='word_1_106' title='bbox 78 998 135 1047; x_wconf 79' lang='lat' dir='ltr'>priori</span> <span class='ocrx_word' id='word_1_107' title='bbox 148 1009 225 1036; x_wconf 83' lang='lat' dir='ltr'>causam</span> <span class='ocrx_word' id='word_1_108' title='bbox 235 1003 253 1036; x_wconf 91' lang='lat' dir='ltr'>et</span> <span class='ocrx_word' id='word_1_109' title='bbox 265 998 350 1045; x_wconf 78' lang='lat' dir='ltr'>negotia,</span> <span class='ocrx_word' id='word_1_110' title='bbox 365 1010 398 1046; x_wconf 92' lang='lat' dir='ltr'>pro</span> <span class='ocrx_word' id='word_1_111' title='bbox 407 998 479 1046; x_wconf 87' lang='lat' dir='ltr'>quibus</span> <span class='ocrx_word' id='word_1_112' title='bbox 488 998 570 1036; x_wconf 89' lang='lat' dir='ltr'>veniunt</span> <span class='ocrx_word' id='word_1_113' title='bbox 582 998 604 1035; x_wconf 90' lang='lat' dir='ltr'>ad</span> <span class='ocrx_word' id='word_1_114' title='bbox 615 1003 742 1044; x_wconf 85' lang='lat' dir='ltr'>conventum,</span> 
     </span>
     <span class='ocr_line' id='line_1_15' title="bbox 78 1067 406 1116; baseline 0 -12"><span class='ocrx_word' id='word_1_115' title='bbox 78 1078 123 1104; x_wconf 88' lang='lat' dir='ltr'>curn</span> <span class='ocrx_word' id='word_1_116' title='bbox 134 1067 205 1105; x_wconf 84' lang='lat' dir='ltr'>luerint</span> <span class='ocrx_word' id='word_1_117' title='bbox 215 1067 302 1116; x_wconf 79' lang='lat' dir='ltr'>requisiti</span> <span class='ocrx_word' id='word_1_118' title='bbox 314 1079 324 1104; x_wconf 82' lang='lat' dir='ltr'>a</span> <span class='ocrx_word' id='word_1_119' title='bbox 336 1067 406 1115; x_wconf 89' lang='lat' dir='ltr'>priore.</span> 
     </span>
     <span class='ocr_line' id='line_1_16' title="bbox 81 1135 743 1184; baseline 0.003 -11"><span class='ocrx_word' id='word_1_120' title='bbox 81 1165 82 1168; x_wconf 18' lang='grc' dir='ltr'>η</span> <span class='ocrx_word' id='word_1_121' title='bbox 100 1136 151 1173; x_wconf 83' lang='lat' dir='ltr'>:item</span> <span class='ocrx_word' id='word_1_122' title='bbox 163 1135 246 1174; x_wconf 80' lang='lat' dir='ltr'>Rubrica</span> <span class='ocrx_word' id='word_1_123' title='bbox 255 1136 295 1173; x_wconf 85' lang='lat' dir='ltr'>XIX</span> <span class='ocrx_word' id='word_1_124' title='bbox 307 1136 330 1173; x_wconf 92' lang='lat' dir='ltr'>de</span> <span class='ocrx_word' id='word_1_125' title='bbox 342 1136 405 1174; x_wconf 82' lang='lat' dir='ltr'>officio</span> <span class='ocrx_word' id='word_1_126' title='bbox 415 1136 500 1184; x_wconf 88' lang='lat' dir='ltr'>priorum</span> <span class='ocrx_word' id='word_1_127' title='bbox 516 1137 609 1175; x_wconf 79' lang='lat' dir='ltr'>addatur:</span> <span class='ocrx_word' id='word_1_128' title='bbox 628 1137 743 1182; x_wconf 84' lang='lat' dir='ltr'>Statuirnus,</span> 
     </span>
     <span class='ocr_line' id='line_1_17' title="bbox 80 1204 746 1255; baseline 0.005 -14"><span class='ocrx_word' id='word_1_129' title='bbox 80 1206 132 1253; x_wconf 83' lang='lat' dir='ltr'>quod</span> <span class='ocrx_word' id='word_1_130' title='bbox 142 1205 223 1254; x_wconf 82' lang='lat' dir='ltr'>quilibet</span> <span class='ocrx_word' id='word_1_131' title='bbox 232 1205 284 1253; x_wconf 91' lang='lat' dir='ltr'>prior</span> <span class='ocrx_word' id='word_1_132' title='bbox 297 1204 372 1242; x_wconf 87' lang='lat' dir='ltr'>noviter</span> <span class='ocrx_word' id='word_1_133' title='bbox 379 1205 480 1242; x_wconf 89' lang='lat' dir='ltr'>institutus</span> <span class='ocrx_word' id='word_1_134' title='bbox 487 1205 506 1242; x_wconf 94' lang='lat' dir='ltr'>in</span> <span class='ocrx_word' id='word_1_135' title='bbox 518 1206 603 1254; x_wconf 84' lang='lat' dir='ltr'>prioratu</span> <span class='ocrx_word' id='word_1_136' title='bbox 612 1207 692 1255; x_wconf 80' lang='lat' dir='ltr'>alicujus</span> <span class='ocrx_word' id='word_1_137' title='bbox 702 1218 746 1244; x_wconf 91' lang='lat' dir='ltr'>con-</span> 
     </span>
     <span class='ocr_line' id='line_1_18' title="bbox 79 1273 746 1322; baseline 0.003 -11"><span class='ocrx_word' id='word_1_138' title='bbox 79 1279 157 1322; x_wconf 86' lang='lat' dir='ltr'>ventus,</span> <span class='ocrx_word' id='word_1_139' title='bbox 170 1273 235 1312; x_wconf 79' lang='lat' dir='ltr'>statim</span> <span class='ocrx_word' id='word_1_140' title='bbox 248 1278 353 1322; x_wconf 78' lang='lat' dir='ltr'>postquam</span> <span class='ocrx_word' id='word_1_141' title='bbox 366 1274 472 1312; x_wconf 88' lang='lat' dir='ltr'>ostenderit</span> <span class='ocrx_word' id='word_1_142' title='bbox 482 1275 606 1313; x_wconf 90' lang='lat' dir='ltr'>litteramsui</span> <span class='ocrx_word' id='word_1_143' title='bbox 619 1275 684 1322; x_wconf 81' lang='lat' dir='ltr'>officii,</span> <span class='ocrx_word' id='word_1_144' title='bbox 695 1281 746 1313; x_wconf 84' lang='lat' dir='ltr'>anle-</span> 
     </span>
     <span class='ocr_line' id='line_1_19' title="bbox 80 1342 744 1392; baseline 0.002 -12"><span class='ocrx_word' id='word_1_145' title='bbox 80 1354 139 1392; x_wconf 89' lang='lat' dir='ltr'>quarn</span> <span class='ocrx_word' id='word_1_146' title='bbox 152 1348 216 1380; x_wconf 79' lang='lat' dir='ltr'>ututur</span> <span class='ocrx_word' id='word_1_147' title='bbox 224 1343 289 1381; x_wconf 81' lang='lat' dir='ltr'>officio</span> <span class='ocrx_word' id='word_1_148' title='bbox 299 1354 336 1381; x_wconf 91' lang='lat' dir='ltr'>suo</span> <span class='ocrx_word' id='word_1_149' title='bbox 346 1342 364 1380; x_wconf 91' lang='lat' dir='ltr'>in</span> <span class='ocrx_word' id='word_1_150' title='bbox 374 1343 446 1391; x_wconf 82' lang='lat' dir='ltr'>aliquo,</span> <span class='ocrx_word' id='word_1_151' title='bbox 460 1343 523 1381; x_wconf 86' lang='lat' dir='ltr'>videat</span> <span class='ocrx_word' id='word_1_152' title='bbox 541 1343 647 1381; x_wconf 83' lang='lat' dir='ltr'>inventaria</span> <span class='ocrx_word' id='word_1_153' title='bbox 659 1355 744 1381; x_wconf 87' lang='lat' dir='ltr'>conven-</span> 
     </span>
     <span class='ocr_line' id='line_1_20' title="bbox 80 1411 752 1460; baseline 0.003 -11"><span class='ocrx_word' id='word_1_154' title='bbox 80 1416 113 1450; x_wconf 89' lang='lat' dir='ltr'>tus</span> <span class='ocrx_word' id='word_1_155' title='bbox 122 1412 152 1450; x_wconf 88' lang='lat' dir='ltr'>sui</span> <span class='ocrx_word' id='word_1_156' title='bbox 164 1418 183 1449; x_wconf 91' lang='lat' dir='ltr'>et</span> <span class='ocrx_word' id='word_1_157' title='bbox 199 1413 307 1450; x_wconf 90' lang='lat' dir='ltr'>secundum</span> <span class='ocrx_word' id='word_1_158' title='bbox 319 1412 350 1449; x_wconf 84' lang='lat' dir='ltr'>illn</span> <span class='ocrx_word' id='word_1_159' title='bbox 363 1411 439 1460; x_wconf 86' lang='lat' dir='ltr'>recipiat</span> <span class='ocrx_word' id='word_1_160' title='bbox 451 1412 502 1449; x_wconf 90' lang='lat' dir='ltr'>boua</span> <span class='ocrx_word' id='word_1_161' title='bbox 519 1412 584 1449; x_wconf 88' lang='lat' dir='ltr'>ornnia</span> <span class='ocrx_word' id='word_1_162' title='bbox 597 1418 706 1451; x_wconf 87' lang='lat' dir='ltr'>conrentus</span> <span class='ocrx_word' id='word_1_163' title='bbox 726 1413 752 1451; x_wconf 65' lang='lat' dir='ltr'>in.</span> 
     </span>
     <span class='ocr_line' id='line_1_21' title="bbox 80 1480 746 1530; baseline 0.002 -12"><span class='ocrx_word' id='word_1_164' title='bbox 80 1481 182 1529; x_wconf 82' lang='lat' dir='ltr'>praesentia</span> <span class='ocrx_word' id='word_1_165' title='bbox 192 1481 297 1518; x_wconf 87' lang='lat' dir='ltr'>custodum</span> <span class='ocrx_word' id='word_1_166' title='bbox 307 1481 337 1518; x_wconf 88' lang='lat' dir='ltr'>vel</span> <span class='ocrx_word' id='word_1_167' title='bbox 349 1480 449 1518; x_wconf 92' lang='lat' dir='ltr'>seniorum</span> <span class='ocrx_word' id='word_1_168' title='bbox 462 1485 571 1518; x_wconf 82' lang='lat' dir='ltr'>conventus</span> <span class='ocrx_word' id='word_1_169' title='bbox 583 1482 621 1519; x_wconf 93' lang='lat' dir='ltr'>sub</span> <span class='ocrx_word' id='word_1_170' title='bbox 631 1493 687 1530; x_wconf 84' lang='lat' dir='ltr'>poena</span> <span class='ocrx_word' id='word_1_171' title='bbox 703 1493 746 1520; x_wconf 91' lang='lat' dir='ltr'>sus-</span> 
     </span>
     <span class='ocr_line' id='line_1_22' title="bbox 80 1549 746 1598; baseline 0.002 -11"><span class='ocrx_word' id='word_1_172' title='bbox 80 1549 187 1598; x_wconf 85' lang='lat' dir='ltr'>pensionis.</span> <span class='ocrx_word' id='word_1_173' title='bbox 204 1550 242 1594; x_wconf 80' lang='lat' dir='ltr'>Qui</span> <span class='ocrx_word' id='word_1_174' title='bbox 255 1550 302 1587; x_wconf 88' lang='lat' dir='ltr'>dum</span> <span class='ocrx_word' id='word_1_175' title='bbox 321 1549 391 1587; x_wconf 87' lang='lat' dir='ltr'>recedit</span> <span class='ocrx_word' id='word_1_176' title='bbox 405 1550 428 1586; x_wconf 74' lang='lat' dir='ltr'>ad</span> <span class='ocrx_word' id='word_1_177' title='bbox 441 1549 547 1598; x_wconf 83' lang='lat' dir='ltr'>capitulum</span> <span class='ocrx_word' id='word_1_178' title='bbox 560 1551 589 1587; x_wconf 85' lang='lat' dir='ltr'>vel</span> <span class='ocrx_word' id='word_1_179' title='bbox 607 1551 676 1588; x_wconf 83' lang='lat' dir='ltr'>alinde</span> <span class='ocrx_word' id='word_1_180' title='bbox 689 1562 746 1589; x_wconf 77' lang='lat' dir='ltr'>causa</span> 
     </span>
     <span class='ocr_line' id='line_1_23' title="bbox 79 1618 746 1671; baseline 0.001 -15"><span class='ocrx_word' id='word_1_181' title='bbox 79 1619 103 1656; x_wconf 85' lang='lat' dir='ltr'>ab</span> <span class='ocrx_word' id='word_1_182' title='bbox 123 1618 186 1671; x_wconf 86' lang='lat' dir='ltr'>officio</span> <span class='ocrx_word' id='word_1_183' title='bbox 207 1619 314 1664; x_wconf 83' lang='lat' dir='ltr'>mutabitur</span> <span class='ocrx_word' id='word_1_184' title='bbox 326 1619 377 1656; x_wconf 84' lang='lat' dir='ltr'>bona</span> <span class='ocrx_word' id='word_1_185' title='bbox 389 1618 455 1656; x_wconf 81' lang='lat' dir='ltr'>omnia</span> <span class='ocrx_word' id='word_1_186' title='bbox 468 1624 578 1657; x_wconf 88' lang='lat' dir='ltr'>conventus</span> <span class='ocrx_word' id='word_1_187' title='bbox 591 1620 699 1657; x_wconf 88' lang='lat' dir='ltr'>secundum</span> <span class='ocrx_word' id='word_1_188' title='bbox 720 1620 746 1657; x_wconf 89' lang='lat' dir='ltr'>in-</span> 
     </span>
     <span class='ocr_line' id='line_1_24' title="bbox 79 1687 745 1737; baseline 0.002 -11"><span class='ocrx_word' id='word_1_189' title='bbox 79 1688 165 1726; x_wconf 81' lang='lat' dir='ltr'>ventaria</span> <span class='ocrx_word' id='word_1_190' title='bbox 182 1693 291 1726; x_wconf 89' lang='lat' dir='ltr'>conventus</span> <span class='ocrx_word' id='word_1_191' title='bbox 308 1699 373 1725; x_wconf 84' lang='lat' dir='ltr'>coram</span> <span class='ocrx_word' id='word_1_192' title='bbox 387 1687 483 1736; x_wconf 80' lang='lat' dir='ltr'>praedictis</span> <span class='ocrx_word' id='word_1_193' title='bbox 506 1688 597 1729; x_wconf 84' lang='lat' dir='ltr'>fratribus</span> <span class='ocrx_word' id='word_1_194' title='bbox 609 1689 671 1727; x_wconf 84' lang='lat' dir='ltr'>tradat</span> <span class='ocrx_word' id='word_1_195' title='bbox 687 1689 745 1737; x_wconf 89' lang='lat' dir='ltr'>priori</span> 
     </span>
     <span class='ocr_line' id='line_1_25' title="bbox 80 1756 747 1806; baseline 0.003 -12"><span class='ocrx_word' id='word_1_196' title='bbox 80 1756 188 1795; x_wconf 90' lang='lat' dir='ltr'>successori</span> <span class='ocrx_word' id='word_1_197' title='bbox 200 1767 243 1802; x_wconf 88' lang='lat' dir='ltr'>suo,</span> <span class='ocrx_word' id='word_1_198' title='bbox 257 1757 273 1795; x_wconf 92' lang='lat' dir='ltr'>si</span> <span class='ocrx_word' id='word_1_199' title='bbox 282 1756 339 1794; x_wconf 81' lang='lat' dir='ltr'>suerit</span> <span class='ocrx_word' id='word_1_200' title='bbox 351 1768 444 1805; x_wconf 79' lang='lat' dir='ltr'>praesens,</span> <span class='ocrx_word' id='word_1_201' title='bbox 455 1758 485 1794; x_wconf 85' lang='lat' dir='ltr'>rel</span> <span class='ocrx_word' id='word_1_202' title='bbox 495 1757 606 1806; x_wconf 72' lang='lat' dir='ltr'>praesidenti</span> <span class='ocrx_word' id='word_1_203' title='bbox 618 1758 637 1795; x_wconf 89' lang='lat' dir='ltr'>in</span> <span class='ocrx_word' id='word_1_204' title='bbox 648 1763 747 1797; x_wconf 80' lang='lat' dir='ltr'>conventu</span> 
     </span>
     <span class='ocr_line' id='line_1_26' title="bbox 80 1825 747 1876; baseline 0.003 -13"><span class='ocrx_word' id='word_1_205' title='bbox 80 1830 169 1875; x_wconf 89' lang='lat' dir='ltr'>tempore</span> <span class='ocrx_word' id='word_1_206' title='bbox 181 1825 210 1863; x_wconf 91' lang='lat' dir='ltr'>sui</span> <span class='ocrx_word' id='word_1_207' title='bbox 228 1837 317 1863; x_wconf 89' lang='lat' dir='ltr'>recessus</span> <span class='ocrx_word' id='word_1_208' title='bbox 334 1827 364 1863; x_wconf 85' lang='lat' dir='ltr'>rel</span> <span class='ocrx_word' id='word_1_209' title='bbox 376 1826 487 1864; x_wconf 89' lang='lat' dir='ltr'>amotionis.</span> <span class='ocrx_word' id='word_1_210' title='bbox 510 1827 562 1863; x_wconf 88' lang='lat' dir='ltr'>idern</span> <span class='ocrx_word' id='word_1_211' title='bbox 577 1838 623 1864; x_wconf 85' lang='lat' dir='ltr'>vero</span> <span class='ocrx_word' id='word_1_212' title='bbox 641 1827 747 1876; x_wconf 71' lang='lat' dir='ltr'>praesidens</span> 
     </span>
     <span class='ocr_line' id='line_1_27' title="bbox 81 1880 747 1943; baseline 0.003 -12"><span class='ocrx_word' id='word_1_213' title='bbox 81 1894 139 1942; x_wconf 88' lang='lat' dir='ltr'>priori</span> <span class='ocrx_word' id='word_1_214' title='bbox 152 1894 236 1931; x_wconf 87' lang='lat' dir='ltr'>venienti</span> <span class='ocrx_word' id='word_1_215' title='bbox 255 1894 364 1932; x_wconf 90' lang='lat' dir='ltr'>secundum</span> <span class='ocrx_word' id='word_1_216' title='bbox 382 1896 465 1931; x_wconf 81' lang='lat' dir='ltr'>sormam</span> <span class='ocrx_word' id='word_1_217' title='bbox 484 1880 595 1943; x_wconf 70' lang='lat' dir='ltr'>predictam</span> <span class='ocrx_word' id='word_1_218' title='bbox 614 1896 679 1933; x_wconf 85' lang='lat' dir='ltr'>onmia</span> <span class='ocrx_word' id='word_1_219' title='bbox 696 1897 747 1934; x_wconf 88' lang='lat' dir='ltr'>bona</span> 
     </span>
     <span class='ocr_line' id='line_1_28' title="bbox 81 1963 748 2011; baseline 0.001 -10"><span class='ocrx_word' id='word_1_220' title='bbox 81 1968 190 2002; x_wconf 85' lang='lat' dir='ltr'>conventus</span> <span class='ocrx_word' id='word_1_221' title='bbox 201 1964 270 2001; x_wconf 82' lang='lat' dir='ltr'>tradat.</span> <span class='ocrx_word' id='word_1_222' title='bbox 283 1963 302 2000; x_wconf 82' lang='lat' dir='ltr'>Si</span> <span class='ocrx_word' id='word_1_223' title='bbox 314 1974 360 2000; x_wconf 88' lang='lat' dir='ltr'>vero</span> <span class='ocrx_word' id='word_1_224' title='bbox 370 1975 408 2001; x_wconf 88' lang='lat' dir='ltr'>non</span> <span class='ocrx_word' id='word_1_225' title='bbox 426 1964 545 2011; x_wconf 78' lang='lat' dir='ltr'>reperiantur</span> <span class='ocrx_word' id='word_1_226' title='bbox 556 1970 665 2002; x_wconf 87' lang='lat' dir='ltr'>conventus</span> <span class='ocrx_word' id='word_1_227' title='bbox 680 1965 748 2003; x_wconf 82' lang='lat' dir='ltr'>inven-</span> 
     </span>
     <span class='ocr_line' id='line_1_29' title="bbox 80 2031 748 2081; baseline 0.003 -12"><span class='ocrx_word' id='word_1_228' title='bbox 80 2033 133 2077; x_wconf 79' lang='lat' dir='ltr'>taria,</span> <span class='ocrx_word' id='word_1_229' title='bbox 152 2032 203 2081; x_wconf 92' lang='lat' dir='ltr'>prior</span> <span class='ocrx_word' id='word_1_230' title='bbox 221 2032 296 2070; x_wconf 87' lang='lat' dir='ltr'>noviter</span> <span class='ocrx_word' id='word_1_231' title='bbox 312 2031 413 2070; x_wconf 86' lang='lat' dir='ltr'>institutus</span> <span class='ocrx_word' id='word_1_232' title='bbox 432 2043 497 2069; x_wconf 85' lang='lat' dir='ltr'>coram</span> <span class='ocrx_word' id='word_1_233' title='bbox 516 2032 572 2070; x_wconf 83' lang='lat' dir='ltr'>dictis</span> <span class='ocrx_word' id='word_1_234' title='bbox 584 2033 675 2071; x_wconf 82' lang='lat' dir='ltr'>tratribus</span> <span class='ocrx_word' id='word_1_235' title='bbox 692 2034 748 2072; x_wconf 83' lang='lat' dir='ltr'>faciat</span> 
     </span>
     <span class='ocr_line' id='line_1_30' title="bbox 82 2101 747 2149; baseline 0.003 -10"><span class='ocrx_word' id='word_1_236' title='bbox 82 2113 132 2139; x_wconf 86' lang='lat' dir='ltr'>nova</span> <span class='ocrx_word' id='word_1_237' title='bbox 149 2101 262 2148; x_wconf 81' lang='lat' dir='ltr'>inventaria,</span> <span class='ocrx_word' id='word_1_238' title='bbox 282 2112 325 2149; x_wconf 82' lang='lat' dir='ltr'>quae</span> <span class='ocrx_word' id='word_1_239' title='bbox 342 2104 440 2149; x_wconf 86' lang='lat' dir='ltr'>ponantur</span> <span class='ocrx_word' id='word_1_240' title='bbox 458 2101 476 2137; x_wconf 93' lang='lat' dir='ltr'>in</span> <span class='ocrx_word' id='word_1_241' title='bbox 492 2113 534 2138; x_wconf 82' lang='lat' dir='ltr'>arca</span> <span class='ocrx_word' id='word_1_242' title='bbox 549 2101 607 2139; x_wconf 88' lang='lat' dir='ltr'>trium</span> <span class='ocrx_word' id='word_1_243' title='bbox 621 2103 712 2140; x_wconf 85' lang='lat' dir='ltr'>clavium.</span> <span class='ocrx_word' id='word_1_244' title='bbox 729 2104 747 2142; x_wconf 85' lang='lat' dir='ltr'>Si</span> 
     </span>
     <span class='ocr_line' id='line_1_31' title="bbox 81 2169 748 2224; baseline 0.004 -17"><span class='ocrx_word' id='word_1_245' title='bbox 81 2182 127 2209; x_wconf 90' lang='lat' dir='ltr'>vero</span> <span class='ocrx_word' id='word_1_246' title='bbox 139 2170 190 2220; x_wconf 90' lang='lat' dir='ltr'>prior</span> <span class='ocrx_word' id='word_1_247' title='bbox 200 2169 218 2207; x_wconf 89' lang='lat' dir='ltr'>in</span> <span class='ocrx_word' id='word_1_248' title='bbox 231 2169 337 2219; x_wconf 78' lang='lat' dir='ltr'>praemissis</span> <span class='ocrx_word' id='word_1_249' title='bbox 346 2170 402 2208; x_wconf 83' lang='lat' dir='ltr'>fuerit</span> <span class='ocrx_word' id='word_1_250' title='bbox 415 2170 522 2224; x_wconf 83' lang='lat' dir='ltr'>negligens,</span> <span class='ocrx_word' id='word_1_251' title='bbox 536 2181 667 2220; x_wconf 77' lang='lat' dir='ltr'>quaecumque</span> <span class='ocrx_word' id='word_1_252' title='bbox 679 2172 702 2209; x_wconf 90' lang='lat' dir='ltr'>de</span> <span class='ocrx_word' id='word_1_253' title='bbox 713 2172 748 2210; x_wconf 92' lang='lat' dir='ltr'>bo-</span> 
     </span>
     <span class='ocr_line' id='line_1_32' title="bbox 82 2238 628 2289; baseline 0.002 -13"><span class='ocrx_word' id='word_1_254' title='bbox 82 2238 112 2278; x_wconf 91' lang='lat' dir='ltr'>nis</span> <span class='ocrx_word' id='word_1_255' title='bbox 124 2243 234 2278; x_wconf 83' lang='lat' dir='ltr'>conventus</span> <span class='ocrx_word' id='word_1_256' title='bbox 247 2251 285 2277; x_wconf 91' lang='lat' dir='ltr'>non</span> <span class='ocrx_word' id='word_1_257' title='bbox 298 2238 370 2277; x_wconf 80' lang='lat' dir='ltr'>suerint</span> <span class='ocrx_word' id='word_1_258' title='bbox 382 2243 462 2288; x_wconf 81' lang='lat' dir='ltr'>reperta,</span> <span class='ocrx_word' id='word_1_259' title='bbox 474 2238 547 2289; x_wconf 80' lang='lat' dir='ltr'>integre</span> <span class='ocrx_word' id='word_1_260' title='bbox 559 2239 628 2277; x_wconf 88' lang='lat' dir='ltr'>solvat.</span> 
     </span>
    </p>
   </div>
   <div class='ocr_carea' id='block_1_3' title="bbox 104 2386 188 2428">
    <p class='ocr_par' dir='ltr' id='par_1_5' title="bbox 104 2386 188 2428">
     <span class='ocr_line' id='line_1_33' title="bbox 104 2386 188 2428; baseline 0 -10"><span class='ocrx_word' id='word_1_261' title='bbox 104 2386 126 2428; x_wconf 75' lang='lat' dir='ltr'>(rt</span> <span class='ocrx_word' id='word_1_262' title='bbox 136 2387 188 2423; x_wconf 40' lang='lat' dir='ltr'>nard.</span> 
     </span>
    </p>
   </div>
   <div class='ocr_carea' id='block_1_4' title="bbox 0 0 830 2703">
    <p class='ocr_par' dir='ltr' id='par_1_6' title="bbox 0 0 830 2703">
     <span class='ocr_line' id='line_1_34' title="bbox 0 0 830 2703; baseline 0 0"><span class='ocrx_word' id='word_1_263' title='bbox 0 0 830 2703; x_wconf 95' lang='lat' dir='ltr'> </span> 
     </span>
    </p>
   </div>
  </div>
 </body>
</html>
