1631 2703
302 177 441 207 auuarcaxxvu
685 169 711 217 87

30 253 115 304 pitulum
124 265 170 292 cum
182 264 206 291 eo
216 257 261 302 post
272 257 312 292 tres
323 264 387 291 aranos
396 253 455 291 luerit
467 252 618 292 misericorditer
629 252 709 302 dispen-

33 328 107 362 satum.
183 367 184 370 Ἴ

59 403 79 441 4,
90 393 136 431 ltem
146 391 254 431 statuimus
264 392 318 441 quod
330 392 396 429 nullus
409 391 493 441 eligatur
501 391 521 429 in
534 392 619 441 priorem
629 402 712 441 genera-

32 465 72 502 lem
84 467 190 511 antequam
211 462 339 510 compleverit
350 461 385 499 XV
402 472 466 500 annos
484 461 504 499 in
526 466 593 500 nostra
608 460 710 510 religione.

32 533 73 571 Nec
81 532 100 570 ln
113 531 252 581 provincialem
265 531 327 569 donec
342 530 470 580 compleverit
481 531 501 569 in
515 536 584 569 nostro
597 530 667 569 ordine
679 530 711 568 de-

33 614 76 640 cern
85 613 156 647 annos,
168 613 204 639 nec
213 602 232 638 in
240 600 324 649 priorem
333 600 463 649 localern,nisi
474 600 602 650 compleverit
611 601 631 638 in
641 599 712 638 ordine

33 672 122 721 quinque
132 682 202 709 annos,
218 681 236 719 5.
252 671 299 708 ltem
312 669 419 709 statuimus
434 670 488 719 quod
501 671 567 709 nullus
577 670 611 719 qui
623 670 647 708 ab
657 681 710 709 anno

32 740 111 780 Domini
123 752 172 792 ¹309
184 740 329 788 apostataverit,
339 740 370 778 vel
377 739 470 788 deinceps
482 739 601 789 apostatabit
611 740 635 778 ab
642 739 717 778 ordine

33 815 108 855 nostro,
120 810 138 848 in
151 810 237 859 priorem
247 809 367 859 generalem,
379 809 463 858 priorem
477 808 616 858 provincialem
628 810 659 847 vel
671 809 711 858 pri-

32 893 87 919 orem
98 881 186 925 localem‚
202 891 236 919 seu
249 880 268 917 in
281 879 408 918 diffinitorem
421 879 499 928 capituli
515 879 613 929 generalis
623 880 653 917 vel
666 891 711 928 pro-

33 951 121 989 vincialis
134 950 178 999 eligi
192 950 255 999 possit
266 950 296 987 vel
308 949 392 994 assumi,
407 950 444 987 nisi
457 961 490 999 per
500 950 608 999 capitulum
620 950 711 998 generale

32 1022 62 1059 vel
75 1031 109 1070 per
125 1019 232 1069 capitulum
245 1019 364 1069 provinciale
375 1018 488 1057 immediate
501 1030 587 1067 sequens
602 1019 711 1068 capitulum

33 1090 124 1140 generale
132 1090 245 1128 habilitatus
255 1088 312 1128 luerit
323 1090 346 1127 ad
357 1088 455 1138 praedicta.
469 1087 489 1127 6.
502 1089 549 1126 llem
560 1089 626 1127 nullus
636 1088 712 1138 magis-

32 1165 69 1205 rer,
87 1159 209 1198 bachalarlus
222 1160 252 1196 vel
267 1158 346 1197 scolaris
358 1158 442 1197 rorensis
457 1158 578 1208 generalium
598 1157 711 1196 studiorum

33 1229 96 1280 possit
111 1217 155 1279 eligi
172 1229 192 1267 in
204 1228 330 1267 diffinitorem
343 1227 422 1278 capituli
436 1228 540 1278 generalis,
558 1228 588 1266 vel
600 1228 620 1266 ln
633 1228 711 1266 socium

32 1298 156 1350 provincialis
165 1311 210 1337 cum
220 1299 309 1337 eundum
322 1304 352 1337 est
363 1299 387 1336 ad
395 1298 504 1348 capitulum
514 1298 611 1348 generale,
623 1309 659 1348 pro
669 1309 712 1348 pro-

34 1369 96 1408 vincia
103 1357 172 1408 aliena.
182 1380 200 1419 7.
209 1370 295 1407 Possunt
301 1374 368 1406 tamen
375 1368 445 1418 eligere
454 1368 531 1407 socium
539 1367 609 1418 prioris
615 1379 661 1407 cum
669 1368 711 1406 aliis

33 1440 57 1477 de
68 1444 175 1483 conventu,
192 1439 272 1488 quando
288 1438 376 1477 eundum
389 1443 418 1477 est
433 1438 457 1476 ad
470 1437 578 1488 capitulum
593 1438 712 1490 provinciale

34 1509 88 1558 quod
100 1513 130 1547 est
138 1509 277 1547 celebrandurn
290 1513 334 1546 ante
344 1508 452 1557 capitulum
462 1509 559 1557 generale,
568 1497 586 1546 et
593 1499 613 1545 in
620 1519 656 1547 sua
666 1519 712 1557 pro-

33 1578 100 1625 vincia
109 1582 195 1628 possunt
207 1578 251 1627 eligi
266 1578 291 1615 ad
303 1577 402 1627 praedicta.
414 1579 433 1617 8.
451 1578 498 1616 ltem
509 1578 576 1616 nullus
585 1577 668 1617 vicarius
679 1569 715 1628 ge?

34 1647 104 1687 neralis
111 1648 186 1687 missus
194 1648 219 1686 ad
227 1647 347 1686 visitandum
360 1647 483 1697 provinciam
493 1647 578 1697 aliquam
590 1648 654 1698 possit
666 1647 711 1698 eligi

34 1718 53 1756 in
69 1717 145 1757 socium
159 1717 229 1767 prioris
242 1718 366 1767 provincialis
376 1718 477 1756 euntisad
489 1718 598 1768 capitulum
611 1719 709 1768 generale,

35 1788 72 1827 nisi
80 1788 127 1826 alias
138 1787 197 1826 fuerit
208 1788 232 1826 de
244 1787 285 1837 ipsa
296 1788 449 1837 provinciana
460 1788 530 1837 aliquis
537 1787 621 1827 vicarius
631 1788 711 1838 provin-

34 1858 87 1896 cialis
97 1857 170 1897 missus
186 1858 210 1895 ad
219 1858 340 1896 visitandum
353 1862 464 1896 conventus
476 1858 552 1907 aliquos
562 1858 626 1907 possit
634 1858 680 1908 eligi
691 1859 710 1896 in

34 1928 110 1967 socium
123 1927 193 1977 prloris
206 1927 272 1966 localis
284 1927 350 1966 euntis
365 1928 389 1966 ad
407 1928 516 1977 capitulum
530 1928 655 1977 provinciale,
673 1928 711 1967 nisi

34 1998 80 2036 alias
92 1998 150 2036 fuerit
161 1999 185 2035 de
197 1998 241 2047 ipso
253 2002 353 2036 conventu
366 1998 385 2035 in
398 2009 438 2047 quo
448 1997 532 2047 eligitur.
557 1998 559 2001 '

61 2079 80 2118 9.
94 2068 221 2116 Qricumque
232 2069 289 2106 irater
301 2072 347 2117 post
363 2068 470 2117 capitulum
486 2067 605 2117 provinciale
620 2068 711 2117 proximo

34 2137 172 2175 celebrandum
185 2141 230 2175 ante
242 2126 349 2186 capitulum
362 2137 452 2186 generale
465 2136 488 2174 de
496 2137 595 2187 provincia
602 2137 626 2175 ad
633 2136 711 2187 provin-

36 2206 86 2244 ciarn
102 2211 181 2244 amotus
197 2196 261 2250 luerit,
278 2207 297 2244 in
310 2207 408 2255 provincia
420 2207 444 2244 ad
456 2219 515 2256 quam
528 2212 557 2246 est
569 2211 657 2246 mutatus
670 2219 710 2245 non

36 2276 61 2314 sit
70 2277 93 2314 de
105 2276 182 2326 gremio
194 2277 272 2325 capituli
285 2276 369 2326 proximi
385 2277 512 2326 praecedentis
527 2277 635 2326 capitulum
650 2289 711 2326 gene-

35 2347 80 2390 rale,
95 2357 130 2383 nec
142 2358 212 2395 vocem
226 2343 296 2384 lrabeat
308 2347 326 2384 in
335 2337 412 2384 eodem.

66 2426 95 2454 ro,
108 2416 160 2454 ldem
173 2416 273 2454 observari
284 2417 379 2455 volumus
391 2415 415 2453 de
433 2416 524 2454 iratribus
534 2416 615 2454 mutatis
627 2417 651 2455 de
663 2428 710 2455 con-

37 2489 97 2523 ventu
105 2484 130 2523 ad
142 2489 263 2524 conventum
276 2490 322 2535 post
338 2485 453 2524 electionem
464 2485 511 2525 socii
523 2486 589 2524 localis
600 2486 624 2524 ad
636 2486 711 2536 capitu-
