1631 2703
322 127 402 158 tuamen
416 127 460 157 xxiv
704 115 728 169 77

51 202 103 246 terit,
123 202 160 241 nisi
179 203 203 241 ad
216 202 361 242 'diffinitionem
379 203 404 242 sit
424 205 504 242 electus.
521 212 540 251 7.
560 203 606 241 Item
623 203 729 242 statuimus

0 263 4 301 ἕ
52 272 106 321 quod
116 272 164 310 socii
177 272 265 321 priorum
276 273 425 322 provincialium
440 273 464 310 de
478 273 563 322 capitulo
575 273 661 321 generali
674 273 729 311 rede-

52 346 111 381 untes
122 341 181 379 etiam
194 342 240 381 dato
249 343 303 392 quod
315 354 355 381 non
367 342 492 381 interfuerint
502 341 590 392 generali
601 341 694 391 capitulo,
711 343 726 382 si

51 410 131 450 fecerint
141 412 194 460 quod
206 411 225 449 in
234 423 255 449 se
267 412 331 457 fuerit,
345 419 367 450 ut
376 412 467 450 venirent
476 411 501 449 ad
510 411 618 460 capitulum
627 413 726 460 generale,

52 485 71 519 et
81 480 170 529 legitimo
182 480 333 530 impedimento,
347 487 394 531 puta
406 480 526 526 infirmitate,
540 481 686 529 depraedatione
697 482 727 519 vel

0 573 2 602 Q
52 551 157 597 consimili,
167 552 306 602 quaejudicare
315 552 375 590 habet
384 552 503 601 provinciale
512 562 599 600 sequens
609 552 726 600 capitulum,

0 605 1 640 3
52 620 67 659 si
80 621 152 659 detenti
159 621 242 667 fuerint,
254 633 293 660 una
302 621 413 660 cumsocio
430 620 466 659 sibi
480 632 514 670 per
526 620 635 669 capitulum
649 621 728 670 provin-

0 697 1 725 3
52 690 99 728 ciale
111 691 156 729 dato
168 692 198 728 vel
208 697 320 740 assumpto.
334 693 353 729 8.
366 691 390 729 Et
402 690 476 740 priores
493 690 622 739 provinciales
632 701 666 728 seu
678 690 729 729 vica-

0 749 1 788 Ῠ
52 759 74 797 rii
89 759 109 797 in
121 760 207 809 generali
222 761 308 809 capitulo
321 760 413 805 absoluti,
427 771 466 798 una
478 771 523 798 cum
535 759 614 804 vicari0,
632 760 666 809 qui
681 765 729 797 tern-

52 840 100 878 pore
111 830 190 878 capituli
202 830 300 880 generalis
308 829 429 879 provinciam
440 829 546 868 custodivit
555 840 591 867 seu
603 829 672 868 debuit
684 841 729 868 cus-

52 898 115 937 todire
126 897 176 950 (Fol.
190 911 215 949 25
228 900 258 948 a)
272 900 330 938 etiam
345 899 399 948 dato,
413 899 467 948 quod
482 899 536 948 prior
548 898 674 948 provincialis
687 910 728 937 non

52 968 108 1006 iverit
119 968 143 1006 ad
155 968 264 1017 capitulum
280 969 378 1018 generale.
388 968 497 1017 capitulum
510 968 628 1018 provinciale
637 968 728 1017 proximo

52 1037 191 1077 celebrandum
201 1038 221 1076 ln
234 1050 270 1077 sua
281 1038 381 1087 provincia
389 1043 436 1087 post
444 1037 554 1087 capitulum
563 1038 654 1087 generale
663 1037 728 1087 ingre·

52 1106 131 1146 diantur
149 1113 168 1146 et
187 1108 289 1157 eligerem
307 1108 350 1156 ipso
368 1108 453 1157 capitulo
471 1108 548 1145 valeant
560 1113 579 1146 et
590 1107 635 1157 eligi
648 1112 667 1145 et
686 1108 729 1146 aliis

51 1177 134 1225 agendis
143 1176 246 1224 interesse,
263 1177 300 1216 nisi
314 1176 479 1227 impedimentum
492 1177 545 1216 aliud
558 1177 669 1227 legitimum
682 1178 729 1227 pati-

51 1251 117 1285 autur.

78 1327 97 1367 9.
124 1316 175 1355 Cum
196 1321 262 1355 autem
286 1316 328 1355 dies
357 1315 457 1366 assignata
481 1316 564 1362 venerit,
585 1316 609 1353 de
633 1316 728 1355 omnibus

51 1385 85 1424 frat
104 1391 127 1424 ut
147 1386 221 1425 dictum
244 1390 274 1425 est
292 1398 351 1435 supra
374 1387 393 1423 in
412 1385 496 1424 Rubrica
515 1386 539 1423 de
557 1385 643 1435 capitulo
667 1397 728 1435 gene-

52 1455 86 1492 rali
103 1467 168 1504 usque
191 1456 215 1494 ad
233 1456 351 1494 scrutinium
369 1454 506 1494 terminatum.
523 1454 633 1494 Statuimus
654 1461 727 1501 autem,

52 1525 107 1572 quod
130 1526 181 1564 facto
202 1525 296 1564 scrutinio
317 1525 417 1564 sociorum
438 1529 545 1573 antequam
567 1525 592 1563 ad
611 1525 728 1563 electionem

51 1593 180 1632 diffinitorum
194 1595 319 1643 procedatur,
336 1583 444 1643 praesidens
458 1594 544 1643 capitulo
556 1595 624 1643 culpas
640 1594 728 1642 priorum

52 1663 143 1702 localium
161 1664 227 1702 audiat
246 1664 421 1712 accusationesque
433 1668 568 1702 conventuum
580 1663 667 1713 recipiat,
684 1675 729 1713 quae

51 1732 71 1769 in
91 1730 196 1781 praesentia
215 1733 306 1771 omnium
324 1733 358 1782 qui
374 1733 447 1771 luerint
464 1734 489 1771 de
511 1733 587 1782 gremio
611 1734 727 1772 recitentur.

55 1812 85 1839 ro.
99 1802 238 1851 Depositiones
256 1807 275 1840 et
287 1813 327 1841 non
345 1802 423 1852 propria
440 1801 530 1855 nomina¹
544 1803 611 1852 culpas
623 1803 729 1842 testifican-

51 1871 102 1910 tium
112 1872 248 1921 exprimendo,
258 1872 296 1910 nisi
308 1872 389 1910 evidens
401 1872 508 1910 necessitas
520 1873 558 1910 hoc
571 1872 664 1920 requirat,
678 1878 701 1911 ut
712 1873 729 1912 si

52 1951 97 1989 quae
106 1941 178 1979 fuerint
188 1941 251 1991 culpae
261 1941 356 1979 notabiles
365 1941 415 1979 inter
423 1940 472 1985 illas,
482 1946 563 1990 propter
572 1952 622 1991 quas
631 1942 697 1980 locum
709 1947 729 1980 et

52 2021 121 2048 vocem
138 2010 240 2049 amiserint
257 2010 300 2060 ipso
312 2011 363 2048 facto
381 2022 392 2048 a
412 2010 506 2059 praedicto
526 2010 611 2060 capitulo
623 2011 729 2049 excludan-

52 2083 91 2124 tur,
104 2091 140 2118 nec
157 2079 222 2128 aliqua
239 2079 274 2117 alia
286 2079 360 2118 eisdem
373 2079 489 2128 poenitentia
504 2091 540 2129 pro
552 2080 651 2129 praedictis
665 2080 728 2129 culpis

53 2149 130 2188 noviter
148 2149 269 2199 injungatur,
288 2149 352 2187 donec
371 2161 405 2198 per
420 2150 560 2198 provincialem
577 2154 596 2187 et
611 2149 728 2189 diffinitores

53 2218 98 2256 dicti
118 2219 197 2267 capituli
222 2230 267 2257 cum
292 2219 364 2257 luerint
389 2219 444 2257 electi
469 2219 580 2257 exstiterint
599 2223 726 2268 pertractatae.

55 2299 85 2328 rr.
96 2287 174 2336 Qribus
184 2288 263 2338 auditis,
272 2293 291 2328 et
300 2288 366 2339 ejectis
376 2288 482 2337 ejiciendis,
493 2289 517 2328 ad
529 2289 647 2328 electionem
657 2289 729 2328 diffini-

52 2356 119 2398 torum
138 2359 255 2408 procedatur
264 2359 320 2409 juxta
334 2360 418 2397 formam
431 2359 451 2397 in
463 2359 548 2398 Rubrica
559 2359 583 2397 de
598 2359 728 2398 electionibus

53 2428 170 2472 ordinatam.
184 2427 237 2468 Cum'
249 2428 316 2468 autem
329 2427 445 2474 diffinitores
456 2429 530 2473 fuerint
542 2428 605 2478 electi,
618 2429 670 2479 prior
681 2440 727 2480 pro·
