1631 2703
89 107 114 146 26
343 117 506 148 consnrunouus

88 194 162 232 steterit
172 194 226 244 quod
237 205 277 232 non
287 193 408 233 observetur.
422 194 524 234 Addentes
538 195 661 245 etiam'quod
670 194 764 245 quicum‘ssvv

88 276 126 313 que
135 263 181 302 huic
198 263 335 303 constitutioni
350 265 489 303 contradixerit
502 276 537 303 seu
552 265 666 310 obviaverit,
680 278 691 304 a
706 264 761 303 nullo

89 333 145 372 nisia
156 334 220 383 priore
229 334 313 383 generali
323 333 346 372 de
354 333 391 373 ista
400 334 532 373 inobedientia
542 335 606 385 possit
620 335 703 374 absolvi.

118 414 148 442 ro.
162 403 295 442 Concedimus
304 409 371 442 tamen
386 408 405 441 et
416 404 549 453 permittimus
564 405 619 454 quod
632 404 666 454 qui
675 403 762 443 devotio-

89 484 136 511 nem
148 473 252 511 habuerint
263 477 353 511 octavam
363 473 386 511 de
395 473 483 522 Corpore
491 473 564 512 Christi
572 485 617 513 cum
629 474 687 524 pleno
699 473 763 513 officio

88 547 155 581 tenere
164 542 273 592 possint.Et
281 543 304 581 de
316 543 370 581 festis
380 543 496 582 Sanctorum
506 555 591 593 quorum
600 555 682 593 corpora
691 544 769 582 incon·

88 613 182 652 ventibus
191 612 253 651 nostri
269 612 348 651 Ordinis
364 613 497 662 requiescunt,
516 612 604 651 similiter
616 618 635 652 et
651 614 676 651 de
687 613 763 651 Sanctis

89 694 175 731 quorum
190 682 271 720 nomina
292 682 312 720 in
325 681 405 720 Canone
425 683 491 721 missae
512 682 638 721 continentur
647 687 666 721 et
677 683 702 720 de
722 682 770 721 Sta:

89 752 194 801 Apollonia
202 738 222 790 et
233 752 258 789 de
269 751 399 797 Stabarbara,
411 764 487 790 necnon
504 752 553 791 etde
567 752 639 791 sanctis
648 763 735 802 quorum
743 751 763 790 in

89 822 135 859 villa
143 822 177 860 ubi
188 823 257 859 iratres
270 826 318 860 sunt
330 822 360 859 vel
378 826 480 860 morantur
492 823 581 860 solemne
593 824 666 861 testum
681 822 769 860 celebra-¹

89 895 129 935 tur,
145 895 164 928 et
175 891 200 928 de
215 891 252 929 illis
267 891 291 928 de
306 890 379 940 quibus
391 891 439 929 infra
454 892 556 941 proprium
571 897 692 930 conventum
707 892 769 930 altare.

90 961 194 1004 habemus,
211 961 267 1010 juxta
286 971 356 998 eorum
371 960 498 999 devotionem
518 962 581 999 iacere
598 962 675 999 valeant
691 962 765 999 festum

91 1041 102 1081 9
114 1031 159 1068 lect.
172 1030 202 1068 vel
212 1029 282 1079 mangis⁴
299 1040 329 1068 11.
343 1030 370 1068 De
380 1030 422 1068 aliis
432 1034 498 1069 autem
511 1030 584 1069 sanctis
596 1030 629 1079 q-ui
641 1029 661 1068 in
673 1030 765 1079 praedicto

90 1099 178 1137 Ordinali
198 1110 238 1137 non
258 1099 385 1137 continentur
407 1111 447 1137 non
464 1099 521 1138 liceat
536 1099 591 1138 alicui
612 1098 717 1138 conventui
735 1099 766 1137 vel

32 1182 33 1185 ¹
92 1169 145 1206 fratri
163 1169 244 1217 plenum
254 1168 343 1207 officium
358 1169 427 1216 tacere,
445 1168 506 1220 sivej
519 1170 564 1207 lect.
574 1169 605 1208 vel
614 1169 678 1220 9lect.
689 1180 725 1207 nec
742 1169 766 1206 de

92 1237 165 1275 sanctis
176 1249 187 1288 3
201 1237 245 1276 lect.
259 1237 278 1275 in
288 1237 332 1286 ipso
340 1237 421 1275 ordinali
431 1238 530 1276 contentis
539 1238 618 1277 valeant
626 1239 687 1276 facere
699 1249 710 1288 9
720 1239 764 1276 lect.

121 1317 150 1345 12.
156 1307 203 1345 ltem
211 1306 317 1345 statuimus
324 1307 378 1355 quod
385 1307 405 1344 in
415 1307 503 1356 quolibet
512 1311 611 1345 conventu
618 1307 680 1345 totius
687 1306 766 1345 Ordinis

92 1376 152 1415 missa
162 1376 186 1414 de
201 1376 257 1414 beata
269 1376 351 1425 Virgine
367 1376 451 1425 singulis
467 1376 537 1414 diebus
555 1381 600 1414 ante
617 1375 701 1414 Primam
720 1387 766 1414 cum

93 1450 140 1484 nota
155 1445 270 1484 celebretur.
769 1481 771 1484 ,

121 1526 151 1565 13.
164 1515 211 1553 ltem
224 1514 339 1553 ordinamus
351 1515 405 1563 quod
415 1514 491 1564 priores
509 1514 638 1564 provinciales
646 1515 766 1564 compellant

92 1585 167 1633 priores
176 1585 247 1623 locales
259 1590 282 1622 ut
298 1584 318 1622 in
333 1584 463 1622 conventibus
475 1584 517 1623 suis
533 1584 638 1632 scriptores
650 1589 730 1622 teneant
741 1584 766 1622 ad

92 1653 218 1691 scribendum
237 1653 298 1691 libros
316 1653 458 1691 ecclesiasticos
474 1652 508 1691 ubi
521 1653 599 1697 desunt,
621 1657 643 1690 ut
652 1652 766 1702 praedictum

93 1723 179 1761 ordinale
190 1724 252 1761 valeat
261 1722 360 1761 observari
372 1727 391 1760 et
400 1729 511 1761 conventus
518 1723 552 1771 qui
564 1722 637 1760 habent
649 1722 767 1770 exemplaria

91 1796 195 1830 teneantur
207 1803 240 1841 per
252 1791 315 1840 pecias
326 1792 351 1842 (1)
364 1802 403 1829 non
416 1791 535 1829 habentibus
547 1791 701 1829 communicare.
717 1792 764 1829 ltem

93 1861 199 1899 statuimus
206 1861 260 1910 quod
267 1858 342 1909 priores
353 1860 373 1897 in
383 1860 513 1898 conventibus
523 1860 564 1898 suis
576 1860 674 1908 corrigant
682 1860 713 1897 vel
725 1871 768 1898 cor-

92 1930 129 1980 rigi
141 1930 210 1968 faciant
222 1929 363 1968 ecclesiasticos
377 1929 438 1967 libros
451 1929 484 1978 qui
494 1928 585 1977 indigent
596 1928 716 1967 correctione
728 1929 766 1967 sub

93 2011 152 2048 poena
161 1999 257 2048 gravioris
272 2000 334 2048 culpae
344 1999 403 2048 perX
415 1999 464 2036 dies.
769 2045 772 2049 ἡ

123 2080 152 2117 14.
166 2068 240 2106 Priores
253 2073 318 2106 autem
336 2068 407 2116 locales
419 2071 437 2105 et
452 2067 566 2116 subpriores
590 2068 658 2105 fratres
670 2078 718 2105 suos
731 2068 769 2105 fre-

94 2143 177 2189 quenter
186 2138 306 2176 admoneant
318 2137 372 2186 quod
381 2137 469 2175 ordinate
476 2136 587 2175 sehabeant
596 2136 616 2175 in
625 2137 685 2175 choro
693 2141 711 2175 et
717 2135 767 2188 (Fol.

94 2209 132 2257 8a)
141 2212 201 2250 exoa,
215 2211 234 2244 et
242 2206 366 2245 uniformiter
377 2206 477 2249 inclinent,
491 2210 513 2244 ut
526 2217 596 2244 manus
611 2206 720 2244 cancellatae
734 2218 769 2255 ge-

95 2288 134 2315 nua
147 2276 225 2326 possint
237 2275 358 2325 contingere,
369 2281 388 2313 et
399 2275 489 2313 intrando
504 2280 523 2313 et
534 2275 624 2314 exeundo
634 2277 727 2319 chorum,
738 2269 772 2313 cass

118 2417 162 2462 (¹)i.
171 2428 185 2451 e.
193 2427 225 2461 per
234 2423 295 2460 partes
306 2420 347 2461 {por
355 2415 429 2460 preces).
466 2424 467 2427 ’
520 2417 521 2420 ’
561 2418 563 2420 ’
599 2418 601 2420 ’
