1616 2703
114 127 153 168 266
380 139 526 168 annotationis

134 245 287 280 Adnotationes
301 245 327 280 ad
339 246 454 280 tractatum
464 245 489 279 de
506 245 619 280 Prioribus
629 245 769 281 Generalibus

139 355 228 394 Tandem
236 356 338 405 aggredior
346 355 481 394 difficillimam
492 355 561 394 devita
569 359 587 393 et
593 355 655 405 gestis
662 356 790 405 antiquorum

113 426 193 464 Ordinis
208 426 317 475 presulum
336 426 475 474 quaestionem.
486 425 546 464 Notat
556 425 625 464 baleus
642 425 661 464 in
682 426 720 464 vita
733 417 789 465 Alani

113 495 177 543 quinti
190 495 259 545 prioris
270 496 345 534 Montis
357 495 439 533 Carmeli
449 493 479 547 (1)
488 508 499 533 tt
506 495 568 533 Tanta
578 495 684 544 aliquando
694 507 791 545 quorum—

114 565 159 603 dam
178 570 287 603 nostratum
307 566 345 604 fuit
362 565 430 603 inertia
447 571 466 603 et
483 569 537 603 tanta
554 565 652 603 scribendi
670 565 751 614 penuria
768 570 790 604 ut

113 635 217 673 omiserint
232 634 319 683 plurium
338 635 426 673 virorum
445 634 550 673 illustrium
570 646 610 673 non
623 635 688 673 solum
704 635 789 684 origines

112 705 148 743 sed
155 709 173 743 et
182 705 261 754 egregia
269 704 362 749 facinora,
373 716 417 753 quae
427 705 442 742 si
453 704 530 753 scriptis
538 704 691 742 demandassent
702 705 789 743 maximo
802 748 803 751 Ἴ

113 775 249 812 emolumento
269 774 326 812 nobis
338 786 360 812 ac
376 774 459 823 posteris
477 775 562 812 luissent
577 779 596 811 et
608 773 714 813 honori».
727 775 790 820 Quid-

113 843 161 892 quid
179 844 204 881 sit
219 843 243 881 de
255 843 324 880 inertia
336 844 371 881 alia
384 843 432 881 milti
447 843 531 881 occurrit
546 843 594 881 ratio
611 842 697 892 penuriae
710 843 734 881 de
751 855 790 892 qua

111 913 165 962 juste
174 913 323 961 conquerimur.

139 984 258 1031 Atetnpore
279 993 319 1031 quo
337 982 446 1020 Carmelitae
467 987 532 1031 partes
549 982 679 1024 occidentales
698 983 790 1021 adierunt

113 1063 173 1090 omne
192 1051 265 1101 ingenii
285 1063 369 1090 acumen
388 1052 408 1089 in
428 1052 542 1090 herculeum
558 1063 583 1089 ne
597 1052 661 1089 dicam
679 1053 788 1090 tantaleum

113 1122 200 1160 laborem
222 1121 331 1170 dirigebant
350 1121 472 1165 adstruendi,
490 1120 580 1169 inquam,
597 1120 734 1169 antiquitatem
747 1132 791 1170 per-

114 1196 235 1239 petuamque
247 1190 395 1228 successionem
414 1190 494 1228 Ordinis
507 1202 518 1227 a
532 1190 602 1228 diebus
617 1189 678 1228 sancti
688 1190 790 1239 prophetae

113 1260 159 1297 Eliae
171 1264 190 1296 et
207 1260 281 1297 scholae
294 1260 434 1307 prophetarum
447 1270 457 1295 a
473 1259 564 1297 Samuele
576 1258 661 1296 conditae
673 1263 693 1296 et
709 1259 733 1296 ab
750 1259 789 1297 Elia

114 1335 133 1366 et
145 1329 207 1367 eliseo
221 1333 290 1366 auctae.
307 1328 395 1366 Primum
414 1328 474 1377 hujus
487 1328 559 1366 laboris
574 1328 680 1377 vestigium
696 1328 756 1366 habes
768 1329 788 1366 in

113 1398 197 1437 Rubrica
210 1397 273 1447 prima
284 1397 455 1436 Constitutionum
468 1396 499 1448 (a)
508 1396 614 1446 incipiente
624 1410 635 1434 <r
644 1396 694 1435 Cum
707 1397 788 1445 quidam

114 1469 182 1505 fratres
192 1480 203 1506 »
217 1479 262 1516 quae
274 1467 360 1505 vicissim
373 1466 392 1506 S.
404 1467 508 1511 Brocardo,
519 1467 575 1504 Petro
584 1466 697 1511 Rairnundi‚
705 1467 789 1514 iohanni

112 1537 210 1575 balistario
223 1542 242 1575 et
255 1537 339 1584 Julianui
355 1537 379 1574 de
393 1537 466 1575 Veneta
481 1535 511 1588 (3)
523 1536 647 1582 adscribitur,
661 1548 707 1575 cutn
721 1542 787 1574 tamen

134 1669 155 1711 (ι)
167 1668 206 1702 lus.
217 1668 283 1702 Selden
292 1678 311 1710 4¹
324 1679 386 1711 supra,
398 1667 416 1701 in
427 1668 470 1710 fine,
479 1668 498 1701 in
507 1668 635 1711 supplemento
645 1667 668 1700 ad
678 1667 744 1700 Trissae
759 1677 789 1700 ca-

113 1728 201 1771 talogum.

135 1788 156 1827 [al
168 1787 226 1828 Supra
238 1786 257 1819 P.
268 1796 295 1818 zo.

134 1845 155 1886 tat
166 1846 192 1878 De
202 1846 220 1878 S.
231 1845 323 1878 Brocardo
331 1844 354 1877 cf.
362 1845 461 1887 Speculum
471 1844 550 1878 Carmel.
561 1845 574 1886 l,
591 1854 629 1884 121,
639 1854 657 1877 n.
669 1844 707 1877 522.
718 1844 745 1876 De
755 1845 789 1876 Pe-

113 1910 141 1936 tro
152 1903 250 1936 Raimundi
260 1903 298 1936 MS.
310 1903 379 1945 Bodley
390 1903 418 1945 73,
428 1903 457 1936 fol.
474 1903 502 1935 3³.
513 1904 538 1935 De
547 1903 631 1936 iohanne
647 1903 669 1935 de
682 1903 750 1935 Veneta
764 1902 786 1935 cl.

111 1963 164 2005 Sper.
175 1962 253 1994 Carmel.
264 1963 278 2002 l,
290 1972 329 2000 202,
341 1972 358 1994 n.
376 1962 417 2004 870.
429 1962 507 2002 Leaena,
522 1961 608 2002 Annales,
625 1962 655 2002 lV,
666 1961 706 1994 663.
719 1961 788 1993 Textus

111 2031 155 2053 vero
163 2019 194 2063 qui
204 2019 222 2052 in
231 2021 284 2062 Spec.
293 2020 372 2053 Carmel.
381 2020 474 2052 brocardo
481 2019 677 2053 attribuituromnium
685 2028 789 2062 postremus

111 2088 137 2113 est
146 2079 171 2113 uti
182 2090 204 2112 ex
212 2079 336 2113 additionibus
347 2087 364 2112 et
375 2079 549 2122 interpolationibus
561 2079 637 2113 eruitur.
648 2078 675 2112 lbi
685 2079 738 2112 etiarn
753 2078 789 2122 pri-

111 2149 140 2171 me
148 2138 186 2171 uice
196 2138 263 2172 citatur
271 2149 317 2181 opus
327 2138 401 2171 aliunde
411 2138 487 2171 omnino
497 2137 611 2182 incognitum
621 2138 651 2170 cui
660 2138 725 2171 titulus
742 2137 789 2182 Spe-

111 2197 265 2241 culuntpersectoe
281 2197 351 2229 milirioe
360 2197 460 2240 pritnilivae
471 2197 556 2237 ecclesia,
566 2197 638 2229 cuidam
652 2196 733 2240 losepbo
750 2195 789 2228 dia·

111 2265 157 2288 cono
166 2254 282 2288 Antiocheno
292 2256 404 2298 adscriptum
415 2255 447 2298 qui
454 2255 502 2288 circa
512 2266 528 2287 a.
537 2255 580 2288 1300
592 2254 656 2288 vixisse
663 2254 742 2287 videtur.
753 2255 788 2286 Ne·

111 2314 149 2347 scio
159 2325 195 2356 qua
205 2313 274 2347 ratione
285 2314 393 2347 Possevinus
400 2313 449 2355 (edit.
466 2314 515 2354 1006,
524 2314 547 2355 ll,
559 2316 599 2357 277)
605 2313 666 2357 ipsum
680 2325 696 2346 a.
709 2314 741 2347 130
753 2312 787 2346 flo-

111 2372 170 2405 ruisse
179 2380 261 2406 autumet
272 2372 394 2415 cumoptime
407 2372 453 2405 scire
460 2371 552 2405 debuisset
561 2373 615 2405 talem
633 2380 726 2406 auctorem
739 2370 786 2404 inter

111 2438 171 2474 patres
181 2430 293 2474 apostolicos
305 2442 380 2475 prorsas
389 2431 491 2464 inauditum
504 2441 549 2464 esse.
