1631 2703
305 122 446 151 aunarcriurxur
675 125 700 164 99

34 197 124 235 monium
136 197 160 235 de
170 198 219 234 racto
231 197 355 244 contraxerit,
366 208 405 235 non
418 204 565 245 promoveatur,
579 210 614 236 nec
626 198 644 237 in
657 210 702 237 sus-

34 265 96 315 ceptis
107 264 209 304 ordinibus
221 264 350 311 administret,
366 265 399 304 sed
411 271 433 304 ut
444 266 503 305 laicus
518 267 543 305 sit
554 278 671 316 suspensus.
682 267 702 306 Si

34 334 79 384 ouis
90 340 156 373 autem
169 334 187 372 in
197 339 298 383 peccatum
310 334 407 373 indicibile
416 335 482 384 lapsus
492 337 549 374 suerit
560 340 579 374 et
590 336 700 381 convictus,

29 403 145 442 *intrudatur
159 403 178 441 in
191 414 286 441 carcerem
299 408 393 453 perpetuo
404 409 500 452 tempore,
517 404 553 443 nisi
565 416 611 442 cum
623 416 646 442 eo
663 404 702 442 dis-

35 477 139 523 pensatum
151 473 209 511 suerit
220 484 254 522 per
264 473 371 522 capitulum
382 474 478 522 generale.

31 564 32 567 =
61 553 81 589 4.
94 542 141 579 item
153 542 267 585 statuimus,
278 542 332 590 quod
344 541 360 580 si
369 542 414 591 quis
425 552 471 579 cum
480 542 551 579 taxillis
566 542 634 580 luserit
644 553 703 590 pecu·

31 611 89 649 niam
101 611 131 649 vel
143 611 223 649 raubam
236 621 271 649 scu
284 610 345 649 libros
359 611 390 649 vel
407 610 483 661 Jocalia,
500 611 570 649 carceri
583 610 704 659 mancipetur

36 691 70 729 per
82 691 229 729 quemcumque
240 691 300 718 suum
313 680 442 729 superiorem.
457 680 522 718 Ludos
533 680 618 717 alearum
631 684 650 717 et
661 691 704 717 om-

36 760 71 787 nes
85 749 134 787 alios
145 749 258 787 indecentes
272 753 292 787 et
307 749 423 787 inhonestos
438 748 516 798 penitus
530 748 650 793 inhibemus
666 748 704 786 sub

30 829 95 868 poena
106 817 201 868 gravioris
210 818 272 868 culpae
283 829 318 867 per
326 818 359 856 XX
371 818 419 856 dies.
433 817 512 856 Assueti
526 822 592 856 autem
605 817 669 855 locum
686 822 705 854 et

31 897 105 926 vocem
117 888 214 933 amittant,
225 892 244 926 et
256 887 344 937 pecunia,
357 899 402 926 cum
415 899 453 936 qua
465 888 539 925 inventi
551 887 622 926 fuerint
634 886 705 925 irrecu-

36 956 145 1006 perabiliter
156 956 264 1006 priventur.

32 1046 34 1049 ·
64 1036 82 1075 5.
95 1026 142 1063 ltem
158 1026 270 1069 statuimus,
290 1026 343 1074 quod
360 1026 488 1076 alchymistae,
504 1022 649 1074 nigromantici,
662 1036 705 1063 sor-

37 1095 90 1144 tilegi
102 1099 121 1133 et
129 1105 197 1132 omnes
210 1094 244 1144 qui
253 1094 340 1132 scientiis
352 1095 454 1143 prohibitis
462 1099 546 1132 utuntur
553 1105 588 1132 seu
600 1093 660 1132 libros
672 1094 703 1131 vel

37 1163 119 1208 libellos,
133 1167 193 1201 cartas
203 1163 233 1200 vel
242 1163 320 1201 cedulas
329 1163 381 1212 apud
391 1174 411 1200 se
421 1163 445 1200 de
454 1163 484 1201 his
492 1163 592 1201 tenuerint
604 1163 634 1199 vel
644 1161 705 1200 habu-

37 1231 93 1276 erint,
107 1232 173 1270 statim
185 1232 253 1269 carceri
263 1242 297 1281 per
303 1242 448 1280 quemcumque
456 1231 641 1280 suumsuperiorem
649 1242 704 1269 man-

37 1301 132 1350 cipentur.
145 1299 176 1352 (1)

64 1367 84 1408 6.
96 1370 143 1408 ltem
156 1369 284 1407 mercationes
293 1370 317 1407 ad
330 1369 470 1418 negotiandum
482 1370 626 1417 cuiuscumque
637 1369 706 1407 condi-

37 1438 97 1476 tionis
114 1438 205 1483 existant,
222 1437 342 1482 inhibemus,
355 1437 394 1475 suh
407 1448 466 1487 poena
483 1438 578 1486 gravioris
592 1439 655 1486 culpae
672 1447 706 1486 per

37 1506 68 1545 XL
80 1506 127 1545 dies.

105 1612 164 1651 Runa.
175 1611 252 1651 XXXlll.
265 1612 418 1650 berarmannus
435 1622 459 1649 rr
475 1622 638 1651 percurrentibus.

69 1733 88 1760 ι.4
101 1722 120 1760 Si
134 1722 177 1771 quis
193 1722 278 1760 minatur
293 1721 348 1759 alicui
365 1721 431 1759 animo
443 1722 491 1760 irato
508 1723 532 1760 ad
548 1723 705 1771 percutiendum,

27 1801 104 1840 spoenae
111 1790 205 1840 gravioris
212 1791 275 1840 culpae
285 1790 348 1828 tribus
356 1790 426 1829 diebus
437 1791 462 1828 ad
468 1790 534 1829 minus
542 1791 657 1840 subjacebit,
670 1792 707 1830 sed

40 1860 141 1898 simanum
153 1859 177 1898 ad
188 1858 337 1908 percutiendum
347 1858 438 1898 levaverit
447 1859 477 1897 Vll
483 1859 552 1898 diebus
564 1860 627 1898 eidem
640 1872 706 1909 poenae

40 1928 155 1978 subiacebit.
171 1927 194 1971 Si,
205 1939 252 1967 vero
269 1928 369 1973 baculum,
385 1927 468 1977 lapidem
487 1928 516 1966 vel
528 1940 660 1978 quaecumque
672 1929 707 1967 alia

40 2008 94 2035 arma
106 1997 130 2036 ad
141 1997 291 2047 percutiendum
304 1996 401 2042 levaverit,
415 2008 474 2045 poena
488 1997 580 2045 praedicta
591 1997 707 2047 duplicetur.

42 2077 60 2104 2.
72 2065 91 2103 Si
102 2071 169 2105 autem
181 2065 239 2115 priori
251 2065 307 2104 locali
318 2066 342 2103 ad
355 2065 503 2114 percutiendum
512 2077 566 2103 arma
575 2066 666 2104 levaverit
675 2072 710 2114 pe'r

41 2134 57 2172 X
68 2134 109 2172 dies
124 2134 205 2173 eandem
218 2145 297 2184 poenam
310 2133 422 2173 sustinebit.
435 2132 454 2171 si
469 2133 528 2182 priori
542 2134 662 2182 provinciali,
675 2134 709 2172 XX

64 2280 81 2322 (¹)
97 2279 158 2313 Frater
170 2279 254 2313 Oliverus
265 2279 383 2317 Golos‚lector
390 2277 486 2320 theologiae
494 2277 513 2309 in
525 2286 616 2310 conventu
623 2278 710 2321 Angiensi

43 2337 138 2380 [Enghieni
151 2337 244 2370 absolutus
256 2344 283 2370 est
294 2337 317 2369 ab
330 2335 394 2369 ordine
404 2340 480 2379 propter
489 2335 563 2366 nimium
574 2336 591 2366 in
600 2336 711 2370 astronomia

42 2394 141 2428 scientiam.
150 2395 235 2438 Sepultus
242 2400 270 2428 est
276 2394 298 2427 Α.
307 2394 328 2426 D.
339 2392 382 2435 1504
388 2392 407 2425 in
418 2391 514 2424 Carrhusia
521 2391 635 2426 Lovaniensi.
