1631 2703
216 85 219 90 ·
268 85 336 113 eruar.
352 87 371 113 a.
387 84 406 114 o.
427 73 483 126 1336.
674 87 708 127 133

41 158 143 206 curaverit,
156 159 261 198 statuimus
273 160 327 208 quod
339 161 355 198 si
375 160 406 198 ille
421 162 479 199 frater
495 172 530 210 pro
542 172 582 208 quo
594 155 709 209 huiusmodi

41 237 108 275 preces
117 227 168 265 frunt
177 226 238 277 gratia
246 229 309 267 taliter
322 229 358 267 sibi
375 241 468 268 concessa
479 234 545 267 utatur
557 234 579 268 ut
589 223 655 278 preces
675 224 712 268 'seu
724 254 726 270 t

40 295 112 334 litteras
120 297 161 334 sine
172 297 306 346 indignatione
317 303 336 335 et
353 299 462 336 offensione
476 309 516 336 non
528 298 594 336 fecerit
612 298 707 346 revocari·

40 363 203 404 omnibusbonis
217 366 258 404 suis
269 367 404 416 personalibus
422 367 507 416 privetur
527 372 546 404 et
562 378 610 405 voce
626 372 645 405 et
663 368 707 405 loco
734 388 736 391 ·

40 431 103 471 careat
113 431 156 482 ipso
168 436 217 472 lacto
229 435 299 472 carceri
311 435 460 484 mancipandus.
473 436 519 473 ltem
529 435 635 474 statuimus
652 426 706 485 quod

41 500 57 538 si
66 506 144 551 propter
156 503 269 552 hujusmodi
281 514 347 552 preces
358 505 388 541 vel
400 503 472 542 litteras
483 508 573 552 oporteat
590 504 620 541 vel
632 504 709 541 contin·
729 525 731 529 ·

41 576 74 620 gat
86 568 168 619 priorem
178 568 288 621 generalem
297 577 330 610 aut
342 572 481 621 provincialem
490 567 569 610 fratrem
582 572 665 620 aliquem
684 573 710 610 ad

41 639 128 678 studium
140 642 230 689 generale
242 641 319 678 mittere
330 643 360 678 vel
374 641 423 690 (Fol.
435 643 481 688 44a)
495 641 519 678 ad
532 642 625 679 lecturam
640 653 708 689 quarn-¹

40 719 126 757 cumque
135 720 169 747 seu
181 709 204 746 ad
217 709 352 758 magisterium
365 721 487 758 promovere,
499 710 542 747 talis
552 710 580 748 sic
589 709 663 747 missus
675 710 706 746 vel

41 774 145 825 promotus
162 778 235 815 nullam
256 778 389 826 provisionem
407 779 431 815 de
446 790 481 816 sua
492 778 591 826 provincia
603 789 666 826 neque
683 778 708 815 de

41 846 142 883 communi
153 847 251 885 taxatione
263 847 337 885 ordinis
349 846 590 895 recipiat-quoquomodo,
607 850 626 883 et
639 846 709 884 nilrilo·

41 915 108 952 minus
124 914 168 963 ipso
184 915 276 953 factot
251 915 276 953 sit
293 915 381 963 privatus
393 926 447 953 omm
465 915 527 964 gradu
546 915 659 963 magisterii
675 915 709 952 ba-

40 981 134 1021 chalarea
126 987 166 1026 us
186 982 228 1021 lec
215 988 268 1021 rone
290 987 310 1020 et
324 984 425 1021 scolarlatu
438 984 465 1020 sic
479 983 574 1031 adeptoe
564 982 651 1019 etetlun
665 982 708 1031 ipso
754 977 756 981 ’

41 1051 91 1089 lacto
103 1049 132 1089 sit
135 1051 196 1100 privat
198 1062 222 1090 us
189 1051 272 1089 rloco
281 1056 300 1089 et
311 1049 358 1090 voce
367 1056 455 1101 tempore
465 1052 591 1100 sempiterno.
602 1052 640 1088 Nec
648 1062 708 1100 super

41 1121 78 1158 lroc
90 1119 163 1157 statuto
175 1120 227 1168 prior
238 1116 334 1169 generalis
344 1120 537 1169 valeatvdispensare.
549 1120 598 1158 Etsi
611 1114 663 1168 prior
675 1126 709 1168 gea

42 1186 158 1226 neralis'vel
157 1188 286 1237 provincialis
304 1185 371 1227 sive
355 1199 383 1227 src
401 1185 510 1227 commisso
527 1189 557 1226 vel
575 1182 667 1236 promoto
681 1188 709 1225 de

42 1268 167 1306 quacumque
178 1253 276 1295 taxatione
288 1257 388 1306 provideat
400 1268 433 1295 seu
443 1257 539 1306 provideri
550 1256 655 1305 permittat,
665 1267 710 1305 pro

40 1323 137 1364 visionem
149 1314 201 1364 illam
213 1326 276 1364 ordini
286 1326 404 1375 integraliter
416 1337 445 1364 res
447 1327 516 1364 titue're
531 1331 626 1364 teneatur.

67 1394 114 1433 ltem
124 1395 206 1433 Rubrica
215 1395 273 1433 XXIX
286 1395 318 1433 ubi
328 1395 451 1446 dicitur(r):
465 1395 535 1433 Nullus
542 1394 666 1442 priorlocrrl'rs
674 1396 710 1431 aut

42 1463 160 1501 bachelarius
180 1465 212 1501 vel
231 1464 430 1513 lectorcrrjrrscrrrrrqrre
453 1448 657 1511 conveniasfarrrrrlrrrra
671 1459 709 1509 ipse

42 1529 148 1569 1111111811.
161 1531 243 1569 addatur
260 1542 294 1569 seu
307 1531 385 1579 scolaris
402 1528 436 1569 seu
449 1531 570 1580 quicumque
582 1531 631 1569 alius
642 1531 712 1567 fratem

41 1600 91 1638 Solis
102 1599 202 1649 magistris
220 1600 368 1649 Parysiensibus
380 1604 402 1637 et
416 1601 435 1637 in
452 1598 611 1638 universitatibus
632 1595 709 1647 Angliae

41 1666 192 1718 regentibusta'c
210 1668 274 1706 etiamv
286 1668 392 1717 magistris
402 1668 478 1717 Angliae
488 1666 547 1706 'extra
559 1679 615 1706 suam
628 1667 708 1716 provin÷

41 1737 91 1775 ciam
104 1735 214 1785 legentibus
224 1735 328 1776 'dumtaxat
343 1738 428 1786 exceptis
440 1748 444 1784 ;
458 1736 540 1786 quodsi
553 1736 620 1775 lecerit
634 1737 676 1774 loco
690 1741 709 1773 et

42 1818 89 1844 voce
101 1804 165 1844 careat
174 1806 218 1855 ipso
237 1808 295 1844 facto.
314 1806 430 1855 Superquo
447 1811 520 1844 statuto
538 1817 573 1843 nec
585 1805 708 1854 provincialis

43 1886 106 1924 neque
115 1874 222 1924 capitulum
234 1875 352 1925 provinciale
363 1886 398 1913 nec
410 1875 463 1924 prior
475 1875 541 1913 localis
556 1875 614 1913 etiam
626 1860 716 1912 consen-¹

42 1944 102 1982 tiente
113 1949 218 1983 conventu
221 1946 283 1983 valeat
275 1945 415 1994 tdispensare

68 2014 115 2051 ltem
127 2012 215 2051 Rubrica
224 2014 282 2051 XXXl
294 2014 318 2051 de
327 2014 422 2063 apostatis
433 2013 453 2051 in
466 2013 560 2062 principio
577 2013 610 2050 ubi
623 1983 695 2050 dicit
661 2017 707 2050 tur:

41 2081 72 2133 (2)
85 2081 200 2133 Quicumque
210 2084 343 2121 contumaciter
351 2083 379 2120 &c
391 2094 454 2131 usque
465 2082 503 2120 ibi:
516 2084 574 2119 etr
545 2093 574 2120 om
575 2082 605 2120 nis
615 2084 707 2130 apostata,

42 2155 61 2188 et
72 2151 146 2190 dicatur
156 2153 196 2190 sic:
213 2152 318 2191 statuimus
335 2153 389 2202 quod
401 2152 520 2201 quicumque
538 2151 580 2190 sine
592 2151 666 2198 licentia
678 2151 708 2195 sui

64 2310 85 2348 ll)
98 2320 114 2340 n.
128 2311 145 2342 o.

65 2370 86 2408 121
99 2378 116 2399 n.
132 2379 145 2400 r.
