1631 2703
274 111 343 139 oanan.
358 111 377 139 a,
394 111 412 139 n.
432 111 487 151 135¹·
681 96 717 149 167

52 183 126 222 vinciali
135 185 230 235 eiusdem,
244 185 384 225 constitutione
391 185 495 224 Mediolani
508 184 526 223 in
546 184 664 223 contrarium
676 195 717 224 non

47 252 145 291 obstante.

73 322 119 360 Item
130 324 223 362 volumus
232 329 251 361 et
260 324 298 362 sub
308 335 366 373 poena
376 323 548 373 proprietariorum
556 333 632 361 necnon
639 333 719 361 excom-

50 390 187 430 municationis
206 392 249 442 ipso
264 394 313 430 iacto
329 393 345 431 si
357 393 463 441 aliquando
475 392 591 440 oppositum
612 392 717 440 probatum

47 459 115 499 luerit:
129 461 243 500 ordinamus
255 461 308 510 quod
321 462 386 499 nullus
397 462 455 498 irater
466 460 558 508 simplex,
576 470 611 497 seu
626 460 678 509 prior
689 460 718 497 lo-

48 528 101 575 calis,
114 530 154 567 sive
166 530 227 568 lector
238 530 359 579 quicumque
371 530 435 575 tuerit,
448 533 482 567 aut
494 529 587 577 magister
603 529 676 567 nutriat
687 529 717 566 vel

48 603 120 645 teneat,
134 610 169 636 seu
181 599 249 637 nutriri
261 600 290 636 vel
302 599 363 636 teneri
375 598 431 636 saciat
443 609 466 635 ex
482 603 534 635 certa
545 597 634 642 scientia,
647 598 718 635 volun-

47 671 86 704 tate
103 667 187 716 propria,
206 673 225 705 et
242 667 283 705 sine
295 679 352 706 causa
371 672 467 716 tangente
480 666 556 703 bonum
569 670 682 704 conventus
697 665 717 702 in

47 747 88 783 quo
98 736 156 773 stabit
165 740 183 772 et
196 736 277 780 ordinis,
288 747 361 784 equum
371 736 401 773 vel
411 746 473 784 equos
482 735 501 772 in
511 739 611 772 conventu
620 745 718 783 quocum-

48 815 87 852 que
96 805 127 841 vel
139 804 157 841 in
170 804 220 848 villa,
234 815 269 853 pro
281 815 302 842 se
314 805 343 841 vel
354 815 389 853 pro
401 804 450 849 aliis,
461 814 543 852 quoquo
564 802 631 846 modo,
646 802 682 840 nisi
694 803 718 840 de

47 871 124 920 proprio
133 877 213 921 propter
222 873 298 910 bonum
306 872 380 910 ordinis
387 876 406 909 et
415 871 550 910 necessitatem
559 870 645 908 celeriter
655 881 718 909 acces-

47 940 98 978 suris
107 945 126 978 et
133 940 210 989 negotia
220 941 293 978 ordinis
303 941 375 978 utiliter
385 940 511 989 expediturls‚
525 939 611 988 exceptis
621 940 651 977 his
659 940 718 977 dum-

46 1014 99 1047 taxat
110 1010 233 1054 terminariis,
247 1010 266 1047 in
275 1021 359 1058 quorum
368 1010 472 1059 provinciis
484 1006 530 1062 [est]
540 1009 563 1046 de
573 1020 610 1046 usu
619 1020 716 1058 equorum

47 1079 78 1115 vel
90 1079 171 1115 aliorum
179 1079 324 1127 jumentorum,
338 1089 374 1127 pro
390 1078 452 1116 bladis
464 1083 483 1114 et
497 1078 539 1115 aliis
552 1077 609 1114 donis
621 1081 654 1114 aut
668 1077 717 1113 elee-

48 1147 130 1184 mosinis
139 1151 158 1184 et
170 1146 283 1185 necessariis
292 1146 405 1195 oppositum
416 1146 473 1184 tuerit
481 1150 606 1189 consuetum,
628 1150 647 1182 et
663 1156 718 1182 exce-

48 1215 86 1262 ptis
95 1215 280 1263 tr·atribus‚quorum
290 1215 335 1262 equi
345 1219 411 1252 essent
417 1215 465 1251 adeo
472 1214 544 1251 infirmi
554 1218 572 1250 et
581 1213 717 1262 gravati‚quod

47 1283 92 1319 dicti
112 1284 156 1331 equi
174 1282 234 1333 (non)
252 1288 333 1331 possent
345 1282 417 1333 (facile)
431 1282 489 1319 vendi
508 1283 550 1319 sine
562 1281 650 1318 maximo
662 1281 718 1318 detri-

49 1357 128 1399 mento;
139 1352 254 1400 necpriores
266 1352 401 1400 provinciales,
419 1356 524 1400 postquam
537 1350 658 1389 visitaverint
673 1362 719 1399 pro-

48 1420 132 1457 vinciam
143 1425 285 1457 suamteneant
298 1432 360 1468 equos
368 1421 392 1456 ad
404 1431 499 1468 expensas
514 1421 657 1468 cujuscumque
671 1430 718 1456 con-

48 1495 119 1527 ventus
128 1489 267 1538 particulariter
278 1489 327 1526 ultra
339 1489 355 1526 X
367 1489 415 1526 dies.

74 1559 120 1595 ltem
133 1559 254 1605 ordinamus,
268 1559 322 1606 quod
334 1559 400 1596 nullus
411 1560 469 1595 irater
480 1558 550 1594 audeat
561 1557 648 1605 equitare
661 1558 716 1595 solus

49 1631 231 1674 quantumcumque
241 1626 335 1663 famulum
346 1626 421 1671 lrabeat,
432 1626 470 1663 sub
479 1636 538 1673 poena
547 1625 662 1674 privationis
671 1625 717 1673 equi

48 1706 94 1732 casu
105 1707 232 1743 quocumque
241 1700 361 1744 emergente.
372 1695 418 1732 ltem
426 1694 540 1733 inhibemus
552 1694 590 1732 sub
599 1705 658 1742 poena
666 1693 716 1744 (Fol.

51 1762 97 1813 54b)
104 1763 281 1812 proprietariorum,
290 1774 314 1800 ne
320 1762 390 1811 aliquis
396 1763 449 1801 bona
457 1762 528 1811 aliqua,
538 1762 648 1812 pecuniam,
657 1763 718 1800 libros

50 1844 84 1870 seu
97 1833 131 1870 alin
144 1844 275 1881 quaecumque
284 1833 354 1870 audeat
365 1843 437 1881 ponere
449 1832 468 1869 in
481 1832 572 1870 manibus
591 1831 716 1870 saecularium

50 1912 84 1949 per
95 1902 177 1939 modum
189 1901 283 1940 custodiae
293 1907 327 1939 aut
338 1900 429 1949 depositi,
440 1912 475 1939 seu
484 1899 521 1938 alio
531 1900 670 1949 quovismodo,
681 1900 717 1938 nisi

50 1971 74 2008 de
86 1971 136 2009 scitu
148 1970 217 2019 prioris
235 1970 269 2026 sui
281 1971 353 2015 localis,
367 1975 385 2008 et
399 1970 458 2008 trium
477 1970 558 2008 fratrum
579 1968 681 2008 seniorum
694 1969 718 2007 de

50 2044 155 2084 conventu,
168 2045 187 2076 et
198 2040 306 2088 aliquarum
326 2049 454 2088 personarum
467 2038 588 2076 saecularium
597 2038 635 2076 fide
650 2038 719 2087 digna-

51 2119 102 2151 rum,
116 2120 151 2146 nec
162 2094 235 2157 priores
247 2109 316 2146 locales
328 2108 370 2146 sine
385 2108 462 2146 licentia
484 2108 515 2145 sui
527 2107 597 2156 prioris
609 2107 719 2156 provincia-

51 2176 81 2221 lis,
96 2188 120 2214 ne
130 2178 148 2214 in
161 2182 261 2225 posterum
273 2177 316 2214 talia
329 2177 466 2226 deperdanrur,
479 2180 498 2213 et
509 2176 535 2214 ita
547 2176 645 2214 observari
657 2176 719 2213 firmi-

50 2251 80 2283 ter
92 2247 185 2283 volumus
202 2246 341 2294 qualicumque
352 2245 429 2284 licentia
443 2245 512 2294 prioris
529 2245 624 2295 generalis
636 2246 655 2283 in
673 2257 720 2283 con-

50 2314 131 2352 trarium
149 2325 188 2352 non
201 2315 297 2353 obstante.
316 2315 375 2359 Quod
393 2314 409 2352 si
421 2314 542 2363 oppositum,
553 2314 607 2363 quod
618 2314 675 2360 absit,
686 2326 720 2363 per

54 2394 200 2436 quemcumque
211 2384 251 2424 neri
263 2383 371 2435 contingat,
389 2385 482 2425 volumus
498 2387 517 2422 et
529 2383 641 2429 statuimus,
665 2384 720 2433 quod
