1631 2703
108 102 133 143 74
365 104 526 135 cousrlrurlouus

106 181 248 231 appellationes
268 181 377 220 detendunt
392 192 426 231 per
442 182 509 220 omnia
526 182 745 222 volumus-observari.
762 183 781 223 Si

107 250 167 299 aliqui
177 250 242 289 officio
254 251 320 300 aliquo
333 251 450 300 praesideant
462 263 485 289 eo
495 251 538 301 ipso
548 252 613 290 officio
623 264 659 291 suo
670 253 709 291 sint
719 252 782 301 priva-

106 320 120 358 ti
130 332 167 358 nec
177 320 248 369 aliquis
260 320 288 358 eis
299 320 381 358 ulterius
395 320 475 359 obedire
486 326 582 360 teneatur.
597 332 629 370 27.
646 322 699 360 Prior
713 327 779 360 autem

107 389 203 437 generalis
216 389 235 427 id
246 389 301 437 quod
312 389 332 427 in
343 390 432 438 capitulis
444 391 569 438 generalibus
580 396 677 429 statutum
686 392 717 429 vel
729 391 781 429 ordi-

107 463 175 497 natum
188 457 246 496 luerit
263 468 338 497 cassare
350 459 380 497 vel
397 458 471 497 irritare
483 470 524 498 non
537 460 615 509 poterit.
631 459 668 498 Sed
683 460 703 498 in
716 472 780 499 exem·

107 530 163 577 plum
175 529 258 566 aliorum
268 528 316 566 illud
326 529 428 577 diligenter·
442 530 541 567 tenebitur
550 530 661 575 observare,
674 535 694 568 et
705 531 728 568 ad
738 531 780 580 ejus
794 529 796 532 ’

107 598 266 636 observationem
276 597 324 637 alios
333 598 437 637 efficaciter
446 598 538 638 inducere
548 603 567 638 et
579 603 682 638 coarctare.
696 602 728 639 28.
745 600 781 639 Ρο-

107 672 174 708 terunt
193 673 259 707 tainen
283 669 336 718 prior
352 669 449 719 generalis
469 675 488 708 et
503 670 556 718 prior
578 669 704 719 provincialis
721 681 781 719 super

108 737 231 787 poenitentiis
240 738 333 788 injunctis
345 739 376 777 vel
392 738 519 789 injungendis
534 739 685 777 misericorditer
702 739 782 788 dispen-

108 819 150 846 sare
161 812 180 846 et
191 813 256 847 totum
271 810 302 847 vel
312 814 387 859 partem
400 814 458 859 prout
475 810 569 859 placuerit
581 810 671 849 relaxare.
688 820 721 860 ²9·
733 810 780 848 ltem

108 877 161 926 prior
172 879 267 927 generalis
280 880 311 917 vel
323 879 411 917 Vicarius
428 879 525 927 generalis
537 891 583 917 curn
598 878 739 917 diffinitoribus
750 890 781 917 ca-

108 946 164 996 pituli
175 947 272 996 generalis
285 948 309 986 de
321 948 448 987 instituendis
461 950 492 986 vel
504 948 605 987 mutandis
623 948 722 998 prioribus
737 959 782 998 pro-

107 1016 223 1056 vincialibus
232 1022 252 1054 et
261 1018 285 1055 de
296 1018 338 1056 aliis
347 1018 468 1057 diffiniendis
480 1019 500 1056 in
512 1018 598 1068 capitulo
607 1018 692 1068 generali
702 1019 781 1067 plenam

108 1088 178 1125 habeat
188 1092 313 1137 potestatem.
326 1089 348 1127 Et
358 1088 374 1126 si
384 1088 437 1137 prior
448 1088 545 1138 generalis
559 1088 589 1125 vel
601 1087 685 1126 vicarius
694 1092 713 1125 et
732 1087 782 1126 diffr-

108 1158 182 1196 nitores
193 1158 213 1195 in
225 1157 292 1207 aliquo
303 1158 458 1196 discordaverint
466 1163 486 1196 et
495 1158 515 1195 in
527 1162 592 1207 partes
603 1158 710 1206 inaequales
720 1169 741 1196 se
753 1157 782 1196 di-

108 1227 195 1272 viserint,
216 1228 312 1266 sententia
326 1227 411 1277 plurium
422 1227 541 1277 praevalebit,
552 1232 571 1265 et
583 1228 627 1265 siin
639 1232 703 1276 partes
716 1239 782 1276 aequa-

108 1298 136 1335 les
149 1297 188 1335 sint
195 1297 252 1335 divisi
264 1308 332 1335 eorum
343 1297 440 1336 sententia
452 1297 564 1346 praevalebit
577 1297 649 1346 quibus
661 1297 713 1346 prior
722 1308 782 1346 gene-

108 1367 152 1405 ralis
164 1368 196 1405 vel
214 1367 297 1406 vicarius
316 1367 449 1406 concordabit.
470 1367 706 1418 30.01·dtnanteseriam
727 1366 782 1415 quod

107 1448 142 1485 per
154 1437 245 1486 generale
256 1437 364 1486 capitulum
379 1437 507 1475 instituantur
519 1437 594 1485 priores
609 1437 679 1474 locales
696 1435 717 1473 in
736 1446 782 1474 con-

108 1502 201 1540 ventibus
213 1502 303 1552 Parysius
315 1507 334 1540 et
343 1503 438 1540 Romanae
450 1502 514 1549 curiae,
524 1507 542 1539 et
552 1512 592 1539 non
608 1506 694 1550 possunt
706 1500 782 1538 absolvi

108 1572 132 1608 ab
144 1570 209 1609 officio
221 1571 259 1609 nisi
279 1582 313 1620 per
325 1571 409 1620 priorem
422 1571 534 1620 generalem
546 1571 577 1608 vel
589 1571 632 1620 ejus
640 1570 743 1608 vicarium.
756 1571 782 1609 lta

108 1645 174 1678 tamen
187 1641 241 1689 quod
251 1641 271 1678 in
284 1641 379 1679 omnibus
391 1641 432 1678 aliis
450 1640 561 1678 subdantur
573 1639 614 1678 suis
626 1640 724 1689 prioribus
737 1650 782 1688 pro-

108 1710 225 1749 vincialibus
236 1710 288 1749 sicut
299 1710 330 1748 alii
342 1711 418 1760 priores
430 1710 550 1748 subduntur.
563 1720 596 1760 31-
610 1709 719 1748 statuimus
728 1709 782 1758 quod

109 1781 183 1830 priores
193 1781 321 1830 provinciales
333 1781 401 1829 culpas
413 1791 459 1819 suas
471 1781 536 1818 dicant
552 1780 572 1817 in
591 1779 675 1829 capitulo
696 1779 782 1828 generali

110 1862 175 1889 coram
189 1850 253 1900 priore
269 1850 355 1900 generali
366 1851 397 1888 vel
410 1851 453 1898 eius
463 1849 535 1888 vicario
547 1849 577 1887 vel
589 1849 689 1887 visitatore
701 1860 747 1886 cum
759 1849 783 1887 ad

108 1921 229 1959 visitandum
236 1920 317 1965 venerit,
326 1925 345 1958 et
353 1920 377 1959 ab
386 1919 435 1971 (Fol.
445 1930 470 1967 24
480 1920 534 1968 a)eo
545 1918 682 1969 poenitentiam
690 1919 783 1968 recipiant

109 2003 144 2041 pro
157 1990 278 2029 commissis.

363 2086 389 2126 aa
404 2087 438 2127 bnt
451 2085 529 2134 catali

135 2215 168 2255 32.
183 2204 281 2242 Volumus
293 2206 359 2241 autem
370 2202 424 2251 quod
436 2200 502 2239 statim
515 2201 562 2239 durn
573 2199 592 2238 in
601 2199 686 2249 generali
698 2199 783 2248 capitulo

108 2273 180 2324 tabula¹
187 2273 270 2323 legenda
281 2272 346 2318 tuerit,
358 2272 432 2321 priores
444 2270 573 2320 provinciales
589 2275 609 2309 et
625 2270 699 2319 priores
712 2270 783 2307 locales

109 2344 173 2383 Curiae
181 2344 278 2383 Romanae
287 2348 306 2380 et
318 2346 430 2381 conventus
442 2341 540 2393 Parysius,
551 2340 595 2379 etin
608 2339 721 2389 provinciali
731 2339 783 2389 capi-

108 2416 150 2457 tulo
163 2414 238 2464 priores
250 2414 321 2452 locales
333 2413 422 2455 similiter
434 2423 504 2455 omnes
516 2411 650 2456 absolvantur,
670 2409 703 2462 qui
716 2410 781 2451 statim
