1616 2703
260 111 344 141 PRIORUM
355 112 476 141 oenennttun
668 112 704 151 251

34 187 120 227 risiensis
129 187 234 226 academiae
243 187 318 232 doctor,
327 187 357 232 vir
364 186 444 236 quidem
453 191 473 225 et
482 186 576 236 sapientia
589 192 608 225 et
620 187 709 226 doctrina

34 257 133 301 mirabilis,
148 259 172 295 A.
185 258 208 295 D.
226 258 274 305 1318
283 257 396 306 Burdegalae
406 257 426 295 in
440 257 537 295 Vasconia
546 257 569 294 nt
578 256 640 295 totius
653 256 710 295 Ordi-

34 328 64 364 nis
76 326 177 375 magister.
191 327 225 374 qui
238 326 352 375 religionem
365 326 537 374 sesquibiennium
550 327 654 364 dumtaxat
667 337 711 364 mo-

34 395 144 434 derabatur.
159 395 210 433 Tum
231 395 250 432 in
262 395 412 444 Majoricensem
429 394 500 433 celebri
513 394 592 433 virtutis
604 406 646 433 suae
659 395 710 432 lama

34 466 58 503 ad
70 466 108 503 hoc
117 465 199 514 juvante
209 469 239 503 est
250 465 331 503 accitus.
344 465 437 503 Ceterum
450 464 545 514 quoniam
557 464 621 502 virtus
631 475 710 513 semper

34 546 74 583 quo
92 535 163 572 crescit
181 534 246 584 magis
258 546 280 572 eo
299 534 357 572 altius
369 533 531 582 cumulatiusque
551 545 595 585 sese
613 534 708 577 extendit,

28 608 103 653 postea
120 603 139 641 in
154 603 243 642 Elnensis
257 604 344 642 ecclesiae
356 604 460 652 praesulem
476 603 609 641 constituitur.
628 603 711 651 Fuitque

35 673 83 711 sacri
104 672 169 721 palatii
189 672 283 723 magister
294 677 353 722 atque
364 673 414 722 Papa
427 673 506 711 tuturus
524 670 571 722 (nisi
584 683 639 710 mors
651 673 712 710 inter-

34 741 135 793 cessisset)
150 747 264 791 expectatus
275 755 286 779 a
298 742 374 780 multis.
388 742 414 780 At
429 749 476 790 post
488 743 562 780 multos
574 753 633 780 sacrae
647 741 712 779 erudi-

35 812 94 850 tionis
114 812 237 860 conscriptos
249 812 309 849 libros
321 812 398 860 aliaque
418 811 496 860 egregia
513 812 599 849 facinora
618 812 711 860 praeclare

35 886 97 931 gesta,
117 880 214 919 Auinione
222 880 303 919 tandem
322 892 362 919 non
382 886 423 919 tam
436 880 543 929 pontificali
561 881 637 918 honore
650 892 710 929 quam

36 949 146 988 honorabili
159 955 260 988 senectute
273 962 296 988 ex
309 951 346 988 hoc
358 951 431 988 saeculo
442 950 529 999 gloriose
542 949 637 1004 vmigravit
649 951 673 987 Α.
685 950 709 987 D.

39 1031 95 1071 1342,
110 1030 131 1057 21
146 1019 177 1058 die
190 1020 264 1058 mensis
277 1020 369 1069 Augusti.
381 1020 471 1068 sepultus
481 1019 533 1068 apud
546 1019 668 1058 Carmelitas.

65 1101 71 1127 1
76 1101 95 1139 3.
105 1090 204 1137 johannes
212 1089 294 1137 *Alenus
307 1090 413 1138 provinciae
424 1089 524 1132 tholosae,
543 1089 651 1138 theologus
661 1088 712 1126 Pari-

36 1159 106 1196 siensis
120 1158 212 1207 insignis,
226 1159 255 1196 vir
267 1169 306 1197 non
319 1169 377 1197 secus
390 1158 434 1196 vitae
446 1158 575 1197 sanctimonia
590 1170 649 1207 quam
662 1157 712 1196 divi-

37 1240 106 1267 narum
125 1229 361 1267 litterarumeruditione
376 1230 447 1273 clarus,
466 1229 643 1278 cujushumititas
662 1229 711 1266 adeo

35 1300 59 1335 ab
68 1299 163 1336 omnibus
173 1299 266 1336 celebrata
277 1300 339 1336 suerat
348 1303 369 1335 ut
380 1298 404 1335 ad
415 1298 475 1336 totius
488 1298 567 1336 Ordinis
580 1299 709 1335 moderamen

36 1368 126 1406 omniurn
150 1379 200 1417 pene
212 1379 312 1407 consensu
323 1368 376 1405 facile
393 1368 419 1406 sit
438 1373 524 1412 evectus,
539 1369 563 1406 Α.
577 1368 600 1406 D.
623 1378 669 1418 1321
691 1368 711 1405 in

35 1422 210 1486 Montepessulano
228 1437 272 1475 licet
288 1437 367 1475 absens.
383 1436 468 1475 Lectioni
481 1441 515 1474 aut
531 1436 614 1475 orationi
633 1448 712 1485 semper

36 1507 122 1551 vacabat,
136 1511 210 1544 statura
223 1506 314 1556 pusillus,
328 1518 397 1544 verum
410 1506 470 1544 animi
483 1506 563 1544 dotibus
576 1517 616 1544 non
629 1506 662 1543 ita.
676 1506 712 1547 Ca-

35 1576 90 1614 ritate
107 1577 198 1621 diffusus,
216 1580 304 1614 castitate
319 1576 393 1614 nitidus
411 1587 482 1614 novem
501 1576 557 1613 annis
576 1575 710 1613 monarchiam

35 1646 105 1683 tenuit.
119 1645 292 1683 Munuscuiaadeo
303 1646 435 1694 vilipendebat
448 1651 469 1683 ut
478 1646 524 1683 citra
537 1656 711 1694 quarumcumque

36 1726 164 1763 personarum
179 1715 293 1764 acceptione
303 1715 381 1763 justum
394 1719 412 1752 et
425 1720 499 1753 rectum
513 1720 644 1763 exequeretur
658 1714 711 1764 judi-

35 1785 95 1823 cium.
109 1785 128 1822 ln
140 1785 211 1822 credita
224 1785 260 1823 sibi
273 1785 420 1833 dispensatione
433 1796 473 1822 non
486 1784 553 1822 deerat
565 1784 660 1822 industria
677 1796 712 1821 nec

36 1854 55 1892 in
76 1854 192 1902 imperando
215 1854 313 1892 discretio.
340 1854 436 1903 Regulam
460 1854 523 1902 ipsam
548 1853 712 1902 ceremoniasque

36 1923 130 1961 omnibus
143 1923 216 1972 integre
225 1934 301 1961 servare
312 1923 431 1972 jussitquod
442 1923 508 1972 etipse
516 1923 570 1972 prius
582 1934 656 1972 magno
666 1923 713 1960 inte-

37 1993 109 2030 riorum
120 1994 211 2041 exemplo
221 1992 318 2042 praestitit.
334 1993 435 2041 lmpensas
448 1993 559 2041 supertluas
576 1993 657 2031 vitabat.
673 1993 713 2030 Ma-

36 2073 76 2110 gna
87 2063 185 2100 alacritate
196 2063 261 2100 evexit
273 2063 345 2106 bonos,
359 2062 439 2111 parique
455 2062 587 2100 misericordia
605 2063 668 2100 malos
683 2074 713 2099 ar-

36 2131 93 2169 cebat
104 2132 120 2169 si
136 2132 216 2180 quando
232 2132 376 2169 emendatiores
388 2131 468 2168 reddere
484 2136 559 2180 posset.
572 2132 647 2169 Verum
665 2143 713 2169 con-

35 2201 158 2250 templationi
171 2202 220 2239 adeo
233 2201 270 2239 tuit
279 2201 369 2239 addictus
381 2206 402 2239 ut
415 2200 502 2239 officium
513 2201 532 2238 in
542 2202 628 2250 generali
641 2201 713 2239 Valen-

36 2271 226 2319 cenarum'capitulo
239 2272 290 2309 ultro
298 2271 422 2320 relinqueret,
436 2271 514 2309 lectioni
522 2271 645 2319 orationique
657 2276 712 2320 post-
768 2286 771 2290 ’

36 2352 57 2377 ea
74 2340 152 2378 liberius
164 2351 243 2378 vacans.
259 2340 340 2389 Scripsit
354 2341 374 2378 in
387 2340 531 2378 Sententiarum
547 2340 614 2385 libros,
636 2351 712 2377 sermo-

37 2421 72 2448 nes
81 2411 105 2449 de
114 2415 205 2460 tempore
217 2415 236 2448 et
248 2411 272 2448 de
284 2410 366 2455 Sanctis,
377 2411 397 2448 in
409 2410 574 2456 Ecclesiasticum
587 2410 607 2447 in
615 2416 666 2449 artes
676 2410 712 2448 iru-
