1631 2703
104 120 140 171 180
380 132 428 165 ncta
440 133 500 165 caath.

100 218 135 245 seu
146 207 249 257 assignent
260 208 300 247 sive
315 220 350 258 pto
362 211 442 258 pecunia
458 211 543 260 praestita
555 216 586 248 aut
600 214 635 260 pio
643 211 679 249 alia
694 211 767 248 ratione

100 276 187 314 redditus
198 277 290 315 advitam
300 279 329 315 vel
342 284 455 327 perpetuos.

125 344 169 383 Non
179 346 306 394 prohibemus
317 353 391 395 autem,
404 347 420 385 si
436 353 546 387 conventus
563 348 606 386 lacit
621 349 707 387 redditus
725 360 766 397 pet·
799 363 802 370 ·

99 414 170 460 petuos
185 414 240 451 alicui
260 426 349 463 personae
365 421 417 453 extra
432 416 529 460 ordinem,
551 417 598 464 quin
624 418 693 465 aliquis
710 418 766 455 frater

98 482 160 531 possit
172 482 215 521 illos
224 483 311 521 redditus
324 483 425 529 redimere,
435 489 454 522 et
465 485 519 533 quod
531 489 638 523 conventus
650 490 737 523 teneatur
745 485 767 522 il-

98 551 128 588 los
138 552 198 588 lacere
209 552 240 589 tali
252 553 304 589 fratri
316 553 339 589 ad
353 564 409 590 suam
421 553 489 591 vitam.

125 620 171 657 ltem
181 620 219 658 sub
227 620 294 657 eadem
305 631 363 669 poena
375 621 500 663 mandamus,
514 633 537 659 ne
549 622 619 670 aliquis
631 623 689 660 frater
700 627 767 660 noster

99 692 151 726 emat
162 684 247 739 [potius:
259 686 337 740 vendat]
347 700 419 726 census
428 700 463 727 seu
472 689 559 727 redditus
568 690 592 727 ad
601 691 660 729 vitam
671 702 727 728 suam
736 692 765 729 vel

99 757 177 794 alterius
192 757 215 793 ab
227 756 291 805 aliqua
304 768 386 804 persona
398 758 427 794 vel
442 758 584 795 communitate
599 764 652 796 extra
667 758 763 797 ordinem.

93 825 145 862 'ltem
159 825 175 862 sl
187 825 255 873 aliquis
271 826 328 862 stater
341 825 472 862 construxerit
487 826 517 862 vel
530 826 598 863 emerit
610 831 643 864 aut
654 827 691 863 alio
704 827 764 864 modo

98 893 187 931 habuerit
194 904 290 931 cameram
301 899 333 931 aut
344 893 395 931 aliud
403 893 510 941 hospitium
521 893 540 930 in
550 893 615 942 aliquo
625 899 721 932 conventu
735 906 766 932 ot-

98 961 156 1003 dinis,
174 962 274 1005 nolumus,
290 961 344 1009 quod
362 961 393 998 ille
408 962 464 998 states
483 962 540 998 talem
560 973 655 999 eameram
672 968 706 1000 aut
718 962 764 1000 illud

98 1030 205 1079 hospitium
218 1031 281 1078 possit
292 1030 348 1068 alicui
362 1030 413 1068 [ratri
422 1031 513 1074 vendere,
527 1031 560 1068 sed
573 1036 617 1078 post
627 1031 669 1080 ejus
682 1038 764 1069 mortem

98 1098 123 1137 sit
135 1104 251 1143 conuentus,
260 1099 279 1137 in
288 1110 328 1147 quo
341 1098 397 1136 luerit
408 1099 507 1146 aedificata,
521 1100 660 1137 nonobstante
671 1111 766 1148 quacum-

98 1179 136 1216 que
151 1167 211 1216 gratia
224 1167 260 1205 sihi
276 1169 330 1211 laeta,
349 1167 403 1216 quod
418 1167 511 1205 debonis
524 1167 564 1204 suis
583 1167 664 1205 ordinet.
677 1169 736 1213 Quod
748 1169 764 1206 si

99 1236 214 1284 oppositum
228 1235 286 1273 luerit
303 1237 383 1279 sactum,
399 1236 456 1272 linter
476 1236 564 1272 vendens
584 1247 680 1273 canteram
699 1237 765 1284 perdet

99 1315 142 1341 enm
151 1303 264 1351 simpliciter
274 1308 293 1340 et
305 1314 373 1341 emens
386 1303 453 1352 perdet
465 1303 549 1352 pretium
562 1305 615 1351 quod
627 1304 687 1341 dedit.

64 1405 70 1415 „
126 1372 148 1409 Et
157 1372 211 1421 quod
226 1372 293 1410 nullus
309 1377 418 1409 conventus
432 1372 495 1420 possit
510 1371 594 1409 vendere
603 1371 659 1410 alicui
672 1371 722 1409 tratti
735 1374 765 1410 vel

99 1451 189 1489 personae
206 1452 302 1477 cameram
315 1440 399 1488 aliquam
417 1444 533 1485 conuentus,
551 1439 587 1477 nisi
603 1440 655 1488 prius
672 1441 764 1478 ordinatis

98 1510 128 1546 vel
140 1508 236 1557 deputatis
250 1508 292 1545 aliis
304 1508 385 1546 cameris
399 1509 422 1545 de
439 1507 551 1545 melioribus
563 1519 598 1556 pio
613 1508 675 1556 priore
686 1509 765 1556 provin-

98 1578 146 1622 cialiy
159 1577 221 1621 locali,
231 1571 250 1614 et
262 1576 367 1615 lectoribus
376 1577 395 1614 in
408 1581 513 1620 conventu,
527 1580 546 1614 et
558 1577 668 1625 hospitibus
681 1582 700 1614 et
712 1577 765 1614 iaht-

98 1647 148 1692 1nis;
162 1645 215 1694 quod
227 1645 243 1684 si
255 1644 369 1694 oppositum
383 1645 422 1688 liat,
436 1655 504 1683 emens
516 1645 583 1694 perdat
598 1656 656 1683 suum
671 1645 762 1694 pretium.

123 1715 143 1752 ln
163 1713 246 1752 Rubtlca
262 1714 280 1751 lll
295 1714 389 1751 addatur:
405 1714 457 1761 quod
474 1713 552 1750 Oetavae
566 1714 664 1751 solemnes
678 1714 726 1751 fiant
741 1715 764 1751 de

97 1782 231 1821 Purificatione
244 1776 306 1819 heatae
319 1781 390 1825 Mmae,
407 1782 441 1820 sed
456 1782 472 1820 si
487 1781 584 1819 dominica
601 1781 763 1831 septuagesimae,

97 1850 233 1899 sexagesimae,
248 1850 422 1899 Quinquagesiniae
430 1855 463 1888 aut
480 1849 521 1888 dies
535 1849 635 1893 Cinetum,
655 1851 684 1887 vel
700 1851 764 1898 aliqua

98 1918 196 1956 dominica
207 1923 242 1956 aut
254 1918 298 1955 seria
309 1917 474 1966 Qiadragesimae,
488 1928 533 1965 quae
550 1917 619 1954 haheat
633 1917 764 1966 Responsoria

98 1986 181 2036 proptia,
192 1986 240 2024 insta
249 1986 332 2024 Octavus
344 1986 404 2023 dietas
416 1986 507 2029 evenerit,
519 1997 554 2033 pro
565 1986 596 2022 die
606 1986 636 2022 illa
647 1986 678 2022 naa
686 1991 763 2023 tantum

98 2055 191 2093 memoria
208 2055 232 2092 de
244 2055 315 2093 Octava
328 2059 346 2091 et
360 2059 424 2092 totum
439 2053 488 2104 (Fol.
503 2052 546 2104 58a)
560 2053 646 2091 officium
668 2055 764 2102 complete

98 2125 132 2162 etit
141 2125 165 2162 de
176 2128 272 2172 tempore.

123 2194 169 2232 ltem
181 2193 303 2237 ordinamus,
317 2192 370 2241 quod
382 2193 406 2229 de
418 2193 468 2230 festo
480 2190 641 2229 Annuntiationis
653 2190 713 2229 beatae
724 2191 764 2229 Mn-

97 2262 130 2300 n'ae
138 2261 185 2300 fiant
195 2262 274 2299 Octavae
283 2261 381 2298 solemnes
393 2261 412 2298 in
421 2260 583 2311 Qiadtagesima,
597 2260 676 2307 quando
688 2259 762 2298 dictum

97 2332 169 2370 testum
186 2331 293 2369 celebratur
307 2335 359 2368 extra
376 2330 506 2378 septimanam
525 2328 614 2366 ultimam
630 2328 759 2378 Qiadragesl-

97 2411 141 2438 tnae.
155 2400 253 2438 Volumus
264 2403 337 2443 autem,
350 2398 405 2447 quod
416 2399 494 2436 Octavae
506 2397 600 2435 dictarum
614 2397 761 2436 solemnitatum
