<?xml version="1.0" encoding="UTF-8"?>
<!DOCTYPE html PUBLIC "-//W3C//DTD XHTML 1.0 Transitional//EN"
    "http://www.w3.org/TR/xhtml1/DTD/xhtml1-transitional.dtd">
<html xmlns="http://www.w3.org/1999/xhtml" xml:lang="en" lang="en">
 <head>
  <title>
</title>
<meta http-equiv="Content-Type" content="text/html;charset=utf-8" />
  <meta name='ocr-system' content='tesseract 3.04.00' />
  <meta name='ocr-capabilities' content='ocr_page ocr_carea ocr_par ocr_line ocrx_word'/>
</head>
<body>
  <div class='ocr_page' id='page_1' title='image "MN5087ucmf_2_0189.png"; bbox 0 0 1631 2703; ppageno 0'>
   <div class='ocr_carea' id='block_1_1' title="bbox 258 123 735 173">
    <p class='ocr_par' dir='ltr' id='par_1_1' title="bbox 258 123 735 173">
     <span class='ocr_line' id='line_1_1' title="bbox 258 123 735 173; baseline -0.008 -12"><span class='ocrx_word' id='word_1_1' title='bbox 258 134 326 162; x_wconf 74' lang='lat' dir='ltr'>cavea.</span> <span class='ocrx_word' id='word_1_2' title='bbox 340 134 358 160; x_wconf 89' lang='lat' dir='ltr'>a.</span> <span class='ocrx_word' id='word_1_3' title='bbox 375 133 393 160; x_wconf 87' lang='lat' dir='ltr'>o.</span> <span class='ocrx_word' id='word_1_4' title='bbox 413 133 468 173; x_wconf 69' lang='lat'>1354.</span> <span class='ocrx_word' id='word_1_5' title='bbox 664 129 697 170; x_wconf 73' lang='lat'>173</span> <span class='ocrx_word' id='word_1_6' title='bbox 730 123 735 128; x_wconf 78' lang='grc'><strong>“</strong></span> 
     </span>
    </p>
   </div>
   <div class='ocr_carea' id='block_1_2' title="bbox 32 206 700 1354">
    <p class='ocr_par' dir='ltr' id='par_1_2' title="bbox 32 206 700 601">
     <span class='ocr_line' id='line_1_2' title="bbox 32 206 698 256; baseline -0.002 -12"><span class='ocrx_word' id='word_1_7' title='bbox 32 210 77 244; x_wconf 90' lang='lat' dir='ltr'>ante</span> <span class='ocrx_word' id='word_1_8' title='bbox 87 206 193 256; x_wconf 88' lang='lat' dir='ltr'>capitulum</span> <span class='ocrx_word' id='word_1_9' title='bbox 204 208 325 256; x_wconf 74' lang='lat' dir='ltr'>provinciale,</span> <span class='ocrx_word' id='word_1_10' title='bbox 337 207 370 245; x_wconf 87' lang='lat' dir='ltr'>sed</span> <span class='ocrx_word' id='word_1_11' title='bbox 383 208 445 255; x_wconf 90' lang='lat' dir='ltr'>culpae</span> <span class='ocrx_word' id='word_1_12' title='bbox 454 218 522 244; x_wconf 85' lang='lat' dir='ltr'>eorum</span> <span class='ocrx_word' id='word_1_13' title='bbox 535 212 553 243; x_wconf 91' lang='lat' dir='ltr'>et</span> <span class='ocrx_word' id='word_1_14' title='bbox 565 207 698 244; x_wconf 72' lang='lat' dir='ltr'>accusationes</span> 
     </span>
     <span class='ocr_line' id='line_1_3' title="bbox 32 276 700 325; baseline -0.001 -12"><span class='ocrx_word' id='word_1_15' title='bbox 32 281 90 324; x_wconf 89' lang='lat' dir='ltr'>atque</span> <span class='ocrx_word' id='word_1_16' title='bbox 102 277 239 325; x_wconf 78' lang='lat' dir='ltr'>responsiones</span> <span class='ocrx_word' id='word_1_17' title='bbox 253 277 324 315; x_wconf 90' lang='lat' dir='ltr'>debent</span> <span class='ocrx_word' id='word_1_18' title='bbox 340 277 364 314; x_wconf 90' lang='lat' dir='ltr'>ad</span> <span class='ocrx_word' id='word_1_19' title='bbox 376 277 449 314; x_wconf 90' lang='lat' dir='ltr'>dictum</span> <span class='ocrx_word' id='word_1_20' title='bbox 464 276 570 324; x_wconf 88' lang='lat' dir='ltr'>capitulum</span> <span class='ocrx_word' id='word_1_21' title='bbox 583 276 700 324; x_wconf 79' lang='lat' dir='ltr'>provinciale</span> 
     </span>
     <span class='ocr_line' id='line_1_4' title="bbox 32 344 699 395; baseline -0.001 -13"><span class='ocrx_word' id='word_1_22' title='bbox 32 356 66 394; x_wconf 93' lang='lat' dir='ltr'>per</span> <span class='ocrx_word' id='word_1_23' title='bbox 77 356 124 384; x_wconf 85' lang='lat' dir='ltr'>suos</span> <span class='ocrx_word' id='word_1_24' title='bbox 134 346 198 384; x_wconf 91' lang='lat' dir='ltr'>socios</span> <span class='ocrx_word' id='word_1_25' title='bbox 210 346 311 395; x_wconf 89' lang='lat' dir='ltr'>asportari,</span> <span class='ocrx_word' id='word_1_26' title='bbox 325 345 352 384; x_wconf 91' lang='lat' dir='ltr'>sic</span> <span class='ocrx_word' id='word_1_27' title='bbox 364 346 421 383; x_wconf 90' lang='lat' dir='ltr'>etiam</span> <span class='ocrx_word' id='word_1_28' title='bbox 435 356 498 394; x_wconf 85' lang='lat' dir='ltr'>neque</span> <span class='ocrx_word' id='word_1_29' title='bbox 511 345 583 393; x_wconf 85' lang='lat' dir='ltr'>priores</span> <span class='ocrx_word' id='word_1_30' title='bbox 594 344 699 394; x_wconf 89' lang='lat' dir='ltr'>provincia·</span> 
     </span>
     <span class='ocr_line' id='line_1_5' title="bbox 32 413 699 464; baseline -0.001 -13"><span class='ocrx_word' id='word_1_31' title='bbox 32 415 59 451; x_wconf 91' lang='lat' dir='ltr'>les</span> <span class='ocrx_word' id='word_1_32' title='bbox 74 419 118 452; x_wconf 89' lang='lat' dir='ltr'>ante</span> <span class='ocrx_word' id='word_1_33' title='bbox 132 415 237 463; x_wconf 83' lang='lat' dir='ltr'>capitulum</span> <span class='ocrx_word' id='word_1_34' title='bbox 247 418 337 464; x_wconf 86' lang='lat' dir='ltr'>generale</span> <span class='ocrx_word' id='word_1_35' title='bbox 347 415 465 451; x_wconf 89' lang='lat' dir='ltr'>celebratum</span> <span class='ocrx_word' id='word_1_36' title='bbox 477 413 548 461; x_wconf 89' lang='lat' dir='ltr'>deponi</span> <span class='ocrx_word' id='word_1_37' title='bbox 559 419 654 461; x_wconf 85' lang='lat' dir='ltr'>poterunt</span> <span class='ocrx_word' id='word_1_38' title='bbox 664 426 699 451; x_wconf 88' lang='lat' dir='ltr'>nec</span> 
     </span>
     <span class='ocr_line' id='line_1_6' title="bbox 32 482 699 531; baseline -0.003 -11"><span class='ocrx_word' id='word_1_39' title='bbox 32 482 114 526; x_wconf 86' lang='lat' dir='ltr'>absolvi,</span> <span class='ocrx_word' id='word_1_40' title='bbox 128 483 161 520; x_wconf 90' lang='lat' dir='ltr'>sed</span> <span class='ocrx_word' id='word_1_41' title='bbox 173 483 245 521; x_wconf 89' lang='lat' dir='ltr'>debent</span> <span class='ocrx_word' id='word_1_42' title='bbox 254 494 322 520; x_wconf 85' lang='lat' dir='ltr'>eorum</span> <span class='ocrx_word' id='word_1_43' title='bbox 337 482 471 520; x_wconf 65' lang='lat' dir='ltr'>accusationes</span> <span class='ocrx_word' id='word_1_44' title='bbox 483 487 502 519; x_wconf 86' lang='lat' dir='ltr'>et</span> <span class='ocrx_word' id='word_1_45' title='bbox 514 482 653 529; x_wconf 84' lang='lat' dir='ltr'>responsiones</span> <span class='ocrx_word' id='word_1_46' title='bbox 666 493 699 531; x_wconf 91' lang='lat' dir='ltr'>per</span> 
     </span>
     <span class='ocr_line' id='line_1_7' title="bbox 32 550 671 601; baseline -0.003 -12"><span class='ocrx_word' id='word_1_47' title='bbox 32 550 96 590; x_wconf 88' lang='lat' dir='ltr'>socios</span> <span class='ocrx_word' id='word_1_48' title='bbox 108 562 175 589; x_wconf 93' lang='lat' dir='ltr'>eorum</span> <span class='ocrx_word' id='word_1_49' title='bbox 188 551 240 589; x_wconf 89' lang='lat' dir='ltr'>dicto</span> <span class='ocrx_word' id='word_1_50' title='bbox 251 550 336 601; x_wconf 88' lang='lat' dir='ltr'>generali</span> <span class='ocrx_word' id='word_1_51' title='bbox 353 551 438 599; x_wconf 86' lang='lat' dir='ltr'>capitulo</span> <span class='ocrx_word' id='word_1_52' title='bbox 450 550 539 588; x_wconf 91' lang='lat' dir='ltr'>similiter</span> <span class='ocrx_word' id='word_1_53' title='bbox 551 551 671 598; x_wconf 84' lang='lat' dir='ltr'>praesentari.</span> 
     </span>
    </p>

    <p class='ocr_par' dir='ltr' id='par_1_3' title="bbox 32 618 700 1286">
     <span class='ocr_line' id='line_1_8' title="bbox 59 618 699 669; baseline -0.003 -12"><span class='ocrx_word' id='word_1_54' title='bbox 59 620 105 658; x_wconf 90' lang='lat' dir='ltr'>item</span> <span class='ocrx_word' id='word_1_55' title='bbox 115 631 160 658; x_wconf 91' lang='lat' dir='ltr'>cum</span> <span class='ocrx_word' id='word_1_56' title='bbox 172 620 261 669; x_wconf 78' lang='lat' dir='ltr'>quedam</span> <span class='ocrx_word' id='word_1_57' title='bbox 271 619 376 667; x_wconf 85' lang='lat' dir='ltr'>provinciae</span> <span class='ocrx_word' id='word_1_58' title='bbox 394 630 434 656; x_wconf 89' lang='lat' dir='ltr'>non</span> <span class='ocrx_word' id='word_1_59' title='bbox 446 618 584 656; x_wconf 85' lang='lat' dir='ltr'>consueverint</span> <span class='ocrx_word' id='word_1_60' title='bbox 598 618 699 656; x_wconf 89' lang='lat' dir='ltr'>interduo</span> 
     </span>
     <span class='ocr_line' id='line_1_9' title="bbox 33 686 697 737; baseline -0.005 -11"><span class='ocrx_word' id='word_1_61' title='bbox 33 688 115 737; x_wconf 88' lang='lat' dir='ltr'>capitula</span> <span class='ocrx_word' id='word_1_62' title='bbox 132 688 228 737; x_wconf 86' lang='lat' dir='ltr'>generalia</span> <span class='ocrx_word' id='word_1_63' title='bbox 246 687 282 725; x_wconf 89' lang='lat' dir='ltr'>nisi</span> <span class='ocrx_word' id='word_1_64' title='bbox 298 688 337 726; x_wconf 93' lang='lat' dir='ltr'>duo</span> <span class='ocrx_word' id='word_1_65' title='bbox 357 687 439 736; x_wconf 91' lang='lat' dir='ltr'>capitula</span> <span class='ocrx_word' id='word_1_66' title='bbox 454 686 577 736; x_wconf 75' lang='lat' dir='ltr'>provincialia</span> <span class='ocrx_word' id='word_1_67' title='bbox 595 687 697 731; x_wconf 82' lang='lat' dir='ltr'>celebrare,</span> 
     </span>
     <span class='ocr_line' id='line_1_10' title="bbox 34 756 699 806; baseline -0.003 -12"><span class='ocrx_word' id='word_1_68' title='bbox 34 757 86 806; x_wconf 84' lang='lat' dir='ltr'>quod</span> <span class='ocrx_word' id='word_1_69' title='bbox 95 762 124 795; x_wconf 93' lang='lat' dir='ltr'>est</span> <span class='ocrx_word' id='word_1_70' title='bbox 136 762 202 795; x_wconf 87' lang='lat' dir='ltr'>contra</span> <span class='ocrx_word' id='word_1_71' title='bbox 214 756 356 794; x_wconf 79' lang='lat' dir='ltr'>ordinationem</span> <span class='ocrx_word' id='word_1_72' title='bbox 368 760 479 794; x_wconf 72' lang='lat' dir='ltr'>nostrarunl</span> <span class='ocrx_word' id='word_1_73' title='bbox 491 756 664 800; x_wconf 77' lang='lat' dir='ltr'>constitutionum,</span> <span class='ocrx_word' id='word_1_74' title='bbox 678 759 699 793; x_wconf 94' lang='lat' dir='ltr'>ut</span> 
     </span>
     <span class='ocr_line' id='line_1_11' title="bbox 32 823 698 875; baseline -0.002 -13"><span class='ocrx_word' id='word_1_75' title='bbox 32 830 111 875; x_wconf 91' lang='lat' dir='ltr'>apparet</span> <span class='ocrx_word' id='word_1_76' title='bbox 117 825 225 863; x_wconf 87' lang='lat' dir='ltr'>inRubrica</span> <span class='ocrx_word' id='word_1_77' title='bbox 232 826 255 863; x_wconf 92' lang='lat' dir='ltr'>de</span> <span class='ocrx_word' id='word_1_78' title='bbox 261 825 345 873; x_wconf 87' lang='lat' dir='ltr'>capitulo</span> <span class='ocrx_word' id='word_1_79' title='bbox 358 824 480 873; x_wconf 78' lang='lat' dir='ltr'>proviacla1l3</span> <span class='ocrx_word' id='word_1_80' title='bbox 491 823 570 875; x_wconf 85' lang='lat' dir='ltr'>(1)ideo</span> <span class='ocrx_word' id='word_1_81' title='bbox 576 824 698 868; x_wconf 86' lang='lat' dir='ltr'>ordinamus,</span> 
     </span>
     <span class='ocr_line' id='line_1_12' title="bbox 33 892 699 943; baseline -0.002 -12"><span class='ocrx_word' id='word_1_82' title='bbox 33 894 86 943; x_wconf 86' lang='lat' dir='ltr'>quod</span> <span class='ocrx_word' id='word_1_83' title='bbox 99 894 123 931; x_wconf 88' lang='lat' dir='ltr'>de</span> <span class='ocrx_word' id='word_1_84' title='bbox 137 898 201 931; x_wconf 83' lang='lat' dir='ltr'>cetero</span> <span class='ocrx_word' id='word_1_85' title='bbox 216 893 251 931; x_wconf 87' lang='lat' dir='ltr'>tria</span> <span class='ocrx_word' id='word_1_86' title='bbox 268 893 351 942; x_wconf 89' lang='lat' dir='ltr'>capitula</span> <span class='ocrx_word' id='word_1_87' title='bbox 365 892 487 942; x_wconf 87' lang='lat' dir='ltr'>provincialia</span> <span class='ocrx_word' id='word_1_88' title='bbox 497 893 547 931; x_wconf 89' lang='lat' dir='ltr'>inter</span> <span class='ocrx_word' id='word_1_89' title='bbox 561 893 601 931; x_wconf 88' lang='lat' dir='ltr'>duo</span> <span class='ocrx_word' id='word_1_90' title='bbox 616 893 699 942; x_wconf 89' lang='lat' dir='ltr'>capitula</span> 
     </span>
     <span class='ocr_line' id='line_1_13' title="bbox 32 962 699 1012; baseline -0.001 -12"><span class='ocrx_word' id='word_1_91' title='bbox 32 964 134 1012; x_wconf 88' lang='lat' dir='ltr'>generalia,</span> <span class='ocrx_word' id='word_1_92' title='bbox 148 963 220 1000; x_wconf 90' lang='lat' dir='ltr'>scilicet</span> <span class='ocrx_word' id='word_1_93' title='bbox 229 962 348 1006; x_wconf 88' lang='lat' dir='ltr'>omnianno,</span> <span class='ocrx_word' id='word_1_94' title='bbox 361 973 394 1011; x_wconf 92' lang='lat' dir='ltr'>per</span> <span class='ocrx_word' id='word_1_95' title='bbox 402 966 466 999; x_wconf 89' lang='lat' dir='ltr'>totum</span> <span class='ocrx_word' id='word_1_96' title='bbox 476 962 565 1000; x_wconf 85' lang='lat' dir='ltr'>ordinem</span> <span class='ocrx_word' id='word_1_97' title='bbox 578 963 699 1001; x_wconf 85' lang='lat' dir='ltr'>celebrentur</span> 
     </span>
     <span class='ocr_line' id='line_1_14' title="bbox 32 1029 699 1081; baseline 0.001 -12"><span class='ocrx_word' id='word_1_98' title='bbox 32 1030 81 1081; x_wconf 80' lang='lat' dir='ltr'>(Fol.</span> <span class='ocrx_word' id='word_1_99' title='bbox 97 1029 146 1080; x_wconf 67' lang='lat'>562),</span> <span class='ocrx_word' id='word_1_100' title='bbox 163 1031 200 1069; x_wconf 87' lang='lat' dir='ltr'>nisi</span> <span class='ocrx_word' id='word_1_101' title='bbox 212 1042 256 1068; x_wconf 90' lang='lat' dir='ltr'>cum</span> <span class='ocrx_word' id='word_1_102' title='bbox 266 1030 292 1068; x_wconf 88' lang='lat' dir='ltr'>eis</span> <span class='ocrx_word' id='word_1_103' title='bbox 303 1041 337 1079; x_wconf 89' lang='lat' dir='ltr'>per</span> <span class='ocrx_word' id='word_1_104' title='bbox 345 1031 451 1079; x_wconf 91' lang='lat' dir='ltr'>capitulum</span> <span class='ocrx_word' id='word_1_105' title='bbox 464 1031 553 1078; x_wconf 79' lang='lat' dir='ltr'>generale</span> <span class='ocrx_word' id='word_1_106' title='bbox 565 1032 595 1068; x_wconf 90' lang='lat' dir='ltr'>vel</span> <span class='ocrx_word' id='word_1_107' title='bbox 605 1042 639 1080; x_wconf 91' lang='lat' dir='ltr'>per</span> <span class='ocrx_word' id='word_1_108' title='bbox 648 1033 699 1081; x_wconf 84' lang='lat' dir='ltr'>prio-</span> 
     </span>
     <span class='ocr_line' id='line_1_15' title="bbox 33 1099 699 1150; baseline 0.003 -13"><span class='ocrx_word' id='word_1_109' title='bbox 33 1112 73 1138; x_wconf 89' lang='lat' dir='ltr'>rem</span> <span class='ocrx_word' id='word_1_110' title='bbox 89 1101 198 1149; x_wconf 85' lang='lat' dir='ltr'>generalem</span> <span class='ocrx_word' id='word_1_111' title='bbox 215 1111 306 1138; x_wconf 86' lang='lat' dir='ltr'>excausa</span> <span class='ocrx_word' id='word_1_112' title='bbox 326 1099 434 1137; x_wconf 84' lang='lat' dir='ltr'>rationabili</span> <span class='ocrx_word' id='word_1_113' title='bbox 447 1100 577 1148; x_wconf 86' lang='lat' dir='ltr'>dispensetur,</span> <span class='ocrx_word' id='word_1_114' title='bbox 591 1101 629 1139; x_wconf 94' lang='lat' dir='ltr'>sub</span> <span class='ocrx_word' id='word_1_115' title='bbox 642 1112 699 1150; x_wconf 86' lang='lat' dir='ltr'>poena</span> 
     </span>
     <span class='ocr_line' id='line_1_16' title="bbox 32 1168 700 1217; baseline 0 -10"><span class='ocrx_word' id='word_1_116' title='bbox 32 1169 170 1217; x_wconf 89' lang='lat' dir='ltr'>usurpantium</span> <span class='ocrx_word' id='word_1_117' title='bbox 183 1168 270 1206; x_wconf 81' lang='lat' dir='ltr'>officium</span> <span class='ocrx_word' id='word_1_118' title='bbox 281 1169 377 1217; x_wconf 80' lang='lat' dir='ltr'>majorum</span> <span class='ocrx_word' id='word_1_119' title='bbox 388 1168 485 1217; x_wconf 89' lang='lat' dir='ltr'>prioribus</span> <span class='ocrx_word' id='word_1_120' title='bbox 495 1168 646 1217; x_wconf 86' lang='lat' dir='ltr'>provincialibus</span> <span class='ocrx_word' id='word_1_121' title='bbox 654 1182 700 1209; x_wconf 90' lang='lat' dir='ltr'>con-</span> 
     </span>
     <span class='ocr_line' id='line_1_17' title="bbox 33 1236 379 1286; baseline -0.006 -11"><span class='ocrx_word' id='word_1_122' title='bbox 33 1237 114 1276; x_wconf 91' lang='lat' dir='ltr'>trarium</span> <span class='ocrx_word' id='word_1_123' title='bbox 133 1236 248 1275; x_wconf 84' lang='lat' dir='ltr'>facientibus</span> <span class='ocrx_word' id='word_1_124' title='bbox 268 1236 379 1286; x_wconf 79' lang='lat' dir='ltr'>infligenda.</span> 
     </span>
    </p>

    <p class='ocr_par' dir='ltr' id='par_1_4' title="bbox 60 1306 700 1354">
     <span class='ocr_line' id='line_1_18' title="bbox 60 1306 700 1354; baseline 0.005 -11"><span class='ocrx_word' id='word_1_125' title='bbox 60 1308 107 1344; x_wconf 90' lang='lat' dir='ltr'>ltem</span> <span class='ocrx_word' id='word_1_126' title='bbox 117 1307 209 1343; x_wconf 88' lang='lat' dir='ltr'>volumus</span> <span class='ocrx_word' id='word_1_127' title='bbox 216 1312 234 1343; x_wconf 94' lang='lat' dir='ltr'>et</span> <span class='ocrx_word' id='word_1_128' title='bbox 246 1306 360 1343; x_wconf 81' lang='lat' dir='ltr'>ordinamus</span> <span class='ocrx_word' id='word_1_129' title='bbox 370 1306 423 1354; x_wconf 88' lang='lat' dir='ltr'>quod</span> <span class='ocrx_word' id='word_1_130' title='bbox 435 1311 545 1344; x_wconf 87' lang='lat' dir='ltr'>conventus</span> <span class='ocrx_word' id='word_1_131' title='bbox 556 1306 619 1345; x_wconf 77' lang='lat' dir='ltr'>Curiae</span> <span class='ocrx_word' id='word_1_132' title='bbox 628 1308 700 1346; x_wconf 86' lang='lat' dir='ltr'>Roma-</span> 
     </span>
    </p>
   </div>
   <div class='ocr_carea' id='block_1_3' title="bbox 19 1374 700 1574">
    <p class='ocr_par' dir='ltr' id='par_1_5' title="bbox 19 1374 700 1574">
     <span class='ocr_line' id='line_1_19' title="bbox 34 1374 699 1425; baseline 0.003 -12"><span class='ocrx_word' id='word_1_133' title='bbox 34 1387 64 1413; x_wconf 86' lang='lat' dir='ltr'>nae</span> <span class='ocrx_word' id='word_1_134' title='bbox 82 1376 101 1412; x_wconf 89' lang='lat' dir='ltr'>in</span> <span class='ocrx_word' id='word_1_135' title='bbox 119 1375 212 1412; x_wconf 87' lang='lat' dir='ltr'>omnibus</span> <span class='ocrx_word' id='word_1_136' title='bbox 224 1380 243 1412; x_wconf 92' lang='lat' dir='ltr'>et</span> <span class='ocrx_word' id='word_1_137' title='bbox 263 1385 296 1422; x_wconf 93' lang='lat' dir='ltr'>per</span> <span class='ocrx_word' id='word_1_138' title='bbox 307 1374 373 1412; x_wconf 86' lang='lat' dir='ltr'>omnia</span> <span class='ocrx_word' id='word_1_139' title='bbox 393 1375 507 1423; x_wconf 87' lang='lat' dir='ltr'>subjiciatur</span> <span class='ocrx_word' id='word_1_140' title='bbox 518 1375 575 1423; x_wconf 90' lang='lat' dir='ltr'>priori</span> <span class='ocrx_word' id='word_1_141' title='bbox 588 1377 699 1425; x_wconf 88' lang='lat' dir='ltr'>provinciali</span> 
     </span>
     <span class='ocr_line' id='line_1_20' title="bbox 33 1443 700 1493; baseline 0.001 -11"><span class='ocrx_word' id='word_1_142' title='bbox 33 1444 84 1482; x_wconf 91' lang='lat' dir='ltr'>illius</span> <span class='ocrx_word' id='word_1_143' title='bbox 97 1443 206 1493; x_wconf 79' lang='lat' dir='ltr'>provinciae,</span> <span class='ocrx_word' id='word_1_144' title='bbox 217 1443 284 1491; x_wconf 84' lang='lat' dir='ltr'>inqua</span> <span class='ocrx_word' id='word_1_145' title='bbox 295 1443 366 1480; x_wconf 89' lang='lat' dir='ltr'>dicitur</span> <span class='ocrx_word' id='word_1_146' title='bbox 378 1443 486 1487; x_wconf 88' lang='lat' dir='ltr'>institutus,</span> <span class='ocrx_word' id='word_1_147' title='bbox 501 1445 586 1492; x_wconf 86' lang='lat' dir='ltr'>exceptis</span> <span class='ocrx_word' id='word_1_148' title='bbox 598 1445 700 1484; x_wconf 84' lang='lat' dir='ltr'>dumtaxat</span> 
     </span>
     <span class='ocr_line' id='line_1_21' title="bbox 19 1511 699 1574; baseline 0.001 -24"><span class='ocrx_word' id='word_1_149' title='bbox 19 1520 21 1522; x_wconf 83' lang='grc'><strong>’</strong></span> <span class='ocrx_word' id='word_1_150' title='bbox 33 1512 165 1563; x_wconf 89' lang='lat' dir='ltr'>positionibus</span> <span class='ocrx_word' id='word_1_151' title='bbox 180 1516 198 1549; x_wconf 90' lang='lat' dir='ltr'>et</span> <span class='ocrx_word' id='word_1_152' title='bbox 215 1511 366 1560; x_wconf 88' lang='lat' dir='ltr'>repositionibus</span> <span class='ocrx_word' id='word_1_153' title='bbox 377 1524 399 1574; x_wconf 76' lang='lat' dir='ltr'>ac</span> <span class='ocrx_word' id='word_1_154' title='bbox 418 1512 574 1560; x_wconf 87' lang='lat' dir='ltr'>depositionibus</span> <span class='ocrx_word' id='word_1_155' title='bbox 587 1513 699 1552; x_wconf 82' lang='lat' dir='ltr'>officialium</span> 
     </span>
    </p>
   </div>
   <div class='ocr_carea' id='block_1_4' title="bbox 33 1580 740 2253">
    <p class='ocr_par' dir='ltr' id='par_1_6' title="bbox 33 1580 740 1905">
     <span class='ocr_line' id='line_1_22' title="bbox 34 1580 700 1630; baseline 0.002 -11"><span class='ocrx_word' id='word_1_156' title='bbox 34 1588 53 1619; x_wconf 89' lang='lat' dir='ltr'>et</span> <span class='ocrx_word' id='word_1_157' title='bbox 71 1582 196 1630; x_wconf 86' lang='lat' dir='ltr'>gradatorum</span> <span class='ocrx_word' id='word_1_158' title='bbox 215 1593 236 1617; x_wconf 82' lang='lat' dir='ltr'>ac</span> <span class='ocrx_word' id='word_1_159' title='bbox 255 1580 399 1618; x_wconf 86' lang='lat' dir='ltr'>mutationibus</span> <span class='ocrx_word' id='word_1_160' title='bbox 411 1582 492 1618; x_wconf 79' lang='lat' dir='ltr'>fratrum</span> <span class='ocrx_word' id='word_1_161' title='bbox 505 1582 664 1620; x_wconf 87' lang='lat' dir='ltr'>conventualium</span> <span class='ocrx_word' id='word_1_162' title='bbox 681 1590 700 1620; x_wconf 86' lang='lat' dir='ltr'>et</span> 
     </span>
     <span class='ocr_line' id='line_1_23' title="bbox 34 1649 740 1697; baseline 0.003 -9"><span class='ocrx_word' id='word_1_163' title='bbox 34 1651 155 1688; x_wconf 85' lang='lat' dir='ltr'>studentium</span> <span class='ocrx_word' id='word_1_164' title='bbox 164 1650 244 1686; x_wconf 88' lang='lat' dir='ltr'>aliarum</span> <span class='ocrx_word' id='word_1_165' title='bbox 260 1649 404 1697; x_wconf 89' lang='lat' dir='ltr'>provinciarum</span> <span class='ocrx_word' id='word_1_166' title='bbox 414 1649 486 1686; x_wconf 91' lang='lat' dir='ltr'>ibidem</span> <span class='ocrx_word' id='word_1_167' title='bbox 502 1651 635 1689; x_wconf 83' lang='lat' dir='ltr'>existentium.</span> <span class='ocrx_word' id='word_1_168' title='bbox 648 1652 701 1690; x_wconf 86' lang='lat' dir='ltr'>Cott-</span> <span class='ocrx_word' id='word_1_169' title='bbox 737 1688 740 1694; x_wconf 86' lang='grc'>,</span> 
     </span>
     <span class='ocr_line' id='line_1_24' title="bbox 33 1715 700 1769; baseline 0 -12"><span class='ocrx_word' id='word_1_170' title='bbox 33 1719 135 1758; x_wconf 86' lang='lat' dir='ltr'>stitutione</span> <span class='ocrx_word' id='word_1_171' title='bbox 146 1718 227 1756; x_wconf 81' lang='lat' dir='ltr'>laetensi</span> <span class='ocrx_word' id='word_1_172' title='bbox 238 1715 268 1768; x_wconf 80' lang='lat'>(2)</span> <span class='ocrx_word' id='word_1_173' title='bbox 277 1717 296 1755; x_wconf 92' lang='lat' dir='ltr'>in</span> <span class='ocrx_word' id='word_1_174' title='bbox 309 1718 428 1756; x_wconf 88' lang='lat' dir='ltr'>contrarium</span> <span class='ocrx_word' id='word_1_175' title='bbox 439 1730 479 1756; x_wconf 89' lang='lat' dir='ltr'>non</span> <span class='ocrx_word' id='word_1_176' title='bbox 495 1719 593 1765; x_wconf 83' lang='lat' dir='ltr'>obstante,</span> <span class='ocrx_word' id='word_1_177' title='bbox 604 1725 700 1769; x_wconf 84' lang='lat' dir='ltr'>potestate</span> 
     </span>
     <span class='ocr_line' id='line_1_25' title="bbox 35 1786 701 1838; baseline 0.002 -12"><span class='ocrx_word' id='word_1_178' title='bbox 35 1793 54 1826; x_wconf 94' lang='lat' dir='ltr'>et</span> <span class='ocrx_word' id='word_1_179' title='bbox 62 1787 175 1826; x_wconf 87' lang='lat' dir='ltr'>auctoritate</span> <span class='ocrx_word' id='word_1_180' title='bbox 184 1786 291 1825; x_wconf 85' lang='lat' dir='ltr'>Reverendi</span> <span class='ocrx_word' id='word_1_181' title='bbox 302 1786 362 1825; x_wconf 77' lang='lat' dir='ltr'>l’atris</span> <span class='ocrx_word' id='word_1_182' title='bbox 370 1787 432 1825; x_wconf 89' lang='lat' dir='ltr'>nostri</span> <span class='ocrx_word' id='word_1_183' title='bbox 444 1787 513 1836; x_wconf 87' lang='lat' dir='ltr'>prioris</span> <span class='ocrx_word' id='word_1_184' title='bbox 521 1789 617 1838; x_wconf 82' lang='lat' dir='ltr'>generalis</span> <span class='ocrx_word' id='word_1_185' title='bbox 628 1788 648 1827; x_wconf 89' lang='lat' dir='ltr'>in</span> <span class='ocrx_word' id='word_1_186' title='bbox 658 1801 701 1828; x_wconf 89' lang='lat' dir='ltr'>om-</span> 
     </span>
     <span class='ocr_line' id='line_1_26' title="bbox 35 1856 251 1905; baseline -0.009 -10"><span class='ocrx_word' id='word_1_187' title='bbox 35 1857 94 1896; x_wconf 87' lang='lat' dir='ltr'>nibus</span> <span class='ocrx_word' id='word_1_188' title='bbox 103 1868 180 1905; x_wconf 90' lang='lat' dir='ltr'>semper</span> <span class='ocrx_word' id='word_1_189' title='bbox 192 1856 251 1893; x_wconf 88' lang='lat' dir='ltr'>salva.</span> 
     </span>
    </p>

    <p class='ocr_par' dir='ltr' id='par_1_7' title="bbox 34 1925 711 2253">
     <span class='ocr_line' id='line_1_27' title="bbox 61 1925 701 1977; baseline 0.002 -12"><span class='ocrx_word' id='word_1_190' title='bbox 61 1926 83 1965; x_wconf 88' lang='lat' dir='ltr'>Et</span> <span class='ocrx_word' id='word_1_191' title='bbox 93 1925 213 1970; x_wconf 83' lang='lat' dir='ltr'>ordinamus,</span> <span class='ocrx_word' id='word_1_192' title='bbox 228 1925 281 1974; x_wconf 91' lang='lat' dir='ltr'>quod</span> <span class='ocrx_word' id='word_1_193' title='bbox 293 1936 363 1963; x_wconf 89' lang='lat' dir='ltr'>omnes</span> <span class='ocrx_word' id='word_1_194' title='bbox 376 1925 463 1974; x_wconf 83' lang='lat' dir='ltr'>magistri</span> <span class='ocrx_word' id='word_1_195' title='bbox 473 1926 492 1963; x_wconf 90' lang='lat' dir='ltr'>in</span> <span class='ocrx_word' id='word_1_196' title='bbox 505 1927 604 1977; x_wconf 83' lang='lat' dir='ltr'>theologia</span> <span class='ocrx_word' id='word_1_197' title='bbox 613 1932 653 1965; x_wconf 93' lang='lat' dir='ltr'>tam</span> <span class='ocrx_word' id='word_1_198' title='bbox 673 1938 701 1966; x_wconf 87' lang='lat' dir='ltr'>re-</span> 
     </span>
     <span class='ocr_line' id='line_1_28' title="bbox 34 1995 703 2047; baseline 0.003 -14"><span class='ocrx_word' id='word_1_199' title='bbox 34 2000 102 2046; x_wconf 82' lang='lat' dir='ltr'>gentes</span> <span class='ocrx_word' id='word_1_200' title='bbox 114 2007 174 2043; x_wconf 88' lang='lat' dir='ltr'>quam</span> <span class='ocrx_word' id='word_1_201' title='bbox 186 2006 226 2033; x_wconf 90' lang='lat' dir='ltr'>non</span> <span class='ocrx_word' id='word_1_202' title='bbox 238 2000 335 2043; x_wconf 83' lang='lat' dir='ltr'>regentes,</span> <span class='ocrx_word' id='word_1_203' title='bbox 346 2000 386 2032; x_wconf 89' lang='lat' dir='ltr'>tam</span> <span class='ocrx_word' id='word_1_204' title='bbox 402 1995 477 2044; x_wconf 83' lang='lat' dir='ltr'>Angliae</span> <span class='ocrx_word' id='word_1_205' title='bbox 489 2007 548 2044; x_wconf 85' lang='lat' dir='ltr'>quarn</span> <span class='ocrx_word' id='word_1_206' title='bbox 558 1997 642 2042; x_wconf 78' lang='lat' dir='ltr'>aliunde,</span> <span class='ocrx_word' id='word_1_207' title='bbox 657 2009 703 2047; x_wconf 90' lang='lat' dir='ltr'>pos-</span> 
     </span>
     <span class='ocr_line' id='line_1_29' title="bbox 35 2050 711 2115; baseline 0.001 -12"><span class='ocrx_word' id='word_1_208' title='bbox 35 2066 75 2103; x_wconf 89' lang='lat' dir='ltr'>sint</span> <span class='ocrx_word' id='word_1_209' title='bbox 83 2071 148 2103; x_wconf 89' lang='lat' dir='ltr'>tenere</span> <span class='ocrx_word' id='word_1_210' title='bbox 156 2076 218 2103; x_wconf 91' lang='lat' dir='ltr'>unum</span> <span class='ocrx_word' id='word_1_211' title='bbox 228 2066 322 2102; x_wconf 81' lang='lat' dir='ltr'>tarantum</span> <span class='ocrx_word' id='word_1_212' title='bbox 335 2075 370 2112; x_wconf 87' lang='lat' dir='ltr'>pro</span> <span class='ocrx_word' id='word_1_213' title='bbox 378 2075 414 2103; x_wconf 90' lang='lat' dir='ltr'>suo</span> <span class='ocrx_word' id='word_1_214' title='bbox 424 2064 503 2103; x_wconf 90' lang='lat' dir='ltr'>servitio</span> <span class='ocrx_word' id='word_1_215' title='bbox 511 2066 535 2104; x_wconf 93' lang='lat' dir='ltr'>ad</span> <span class='ocrx_word' id='word_1_216' title='bbox 547 2076 643 2115; x_wconf 83' lang='lat' dir='ltr'>expensas</span> <span class='ocrx_word' id='word_1_217' title='bbox 655 2050 711 2105; x_wconf 51' lang='lat' dir='ltr'>con-¹</span> 
     </span>
     <span class='ocr_line' id='line_1_30' title="bbox 35 2134 698 2182; baseline 0.002 -10"><span class='ocrx_word' id='word_1_218' title='bbox 35 2139 106 2173; x_wconf 91' lang='lat' dir='ltr'>ventus</span> <span class='ocrx_word' id='word_1_219' title='bbox 121 2135 187 2182; x_wconf 86' lang='lat' dir='ltr'>quoad</span> <span class='ocrx_word' id='word_1_220' title='bbox 203 2134 276 2172; x_wconf 68' lang='lat' dir='ltr'>victum</span> <span class='ocrx_word' id='word_1_221' title='bbox 287 2134 426 2172; x_wconf 88' lang='lat' dir='ltr'>tantummodo</span> <span class='ocrx_word' id='word_1_222' title='bbox 436 2139 454 2171; x_wconf 92' lang='lat' dir='ltr'>et</span> <span class='ocrx_word' id='word_1_223' title='bbox 467 2145 508 2172; x_wconf 89' lang='lat' dir='ltr'>non</span> <span class='ocrx_word' id='word_1_224' title='bbox 520 2136 581 2173; x_wconf 89' lang='lat' dir='ltr'>ultra:</span> <span class='ocrx_word' id='word_1_225' title='bbox 598 2137 635 2173; x_wconf 85' lang='lat' dir='ltr'>hoc</span> <span class='ocrx_word' id='word_1_226' title='bbox 647 2136 698 2174; x_wconf 93' lang='lat' dir='ltr'>idem</span> 
     </span>
     <span class='ocr_line' id='line_1_31' title="bbox 34 2202 514 2253; baseline -0.004 -11"><span class='ocrx_word' id='word_1_227' title='bbox 34 2204 127 2242; x_wconf 93' lang='lat' dir='ltr'>volumus</span> <span class='ocrx_word' id='word_1_228' title='bbox 145 2204 169 2241; x_wconf 90' lang='lat' dir='ltr'>de</span> <span class='ocrx_word' id='word_1_229' title='bbox 180 2207 304 2253; x_wconf 87' lang='lat' dir='ltr'>procuratore</span> <span class='ocrx_word' id='word_1_230' title='bbox 316 2202 390 2241; x_wconf 88' lang='lat' dir='ltr'>ordinis</span> <span class='ocrx_word' id='word_1_231' title='bbox 408 2203 514 2241; x_wconf 90' lang='lat' dir='ltr'>observari.</span> 
     </span>
    </p>
   </div>
   <div class='ocr_carea' id='block_1_5' title="bbox 55 2348 288 2452">
    <p class='ocr_par' dir='ltr' id='par_1_8' title="bbox 55 2348 288 2452">
     <span class='ocr_line' id='line_1_32' title="bbox 55 2348 288 2393; baseline -0.009 -10"><span class='ocrx_word' id='word_1_232' title='bbox 55 2350 83 2393; x_wconf 86' lang='lat'>(1)</span> <span class='ocrx_word' id='word_1_233' title='bbox 95 2350 150 2383; x_wconf 85' lang='lat' dir='ltr'>Rubr.</span> <span class='ocrx_word' id='word_1_234' title='bbox 164 2348 228 2383; x_wconf 81' lang='lat' dir='ltr'>xttrv.</span> <span class='ocrx_word' id='word_1_235' title='bbox 239 2360 256 2383; x_wconf 85' lang='lat' dir='ltr'>n.</span> <span class='ocrx_word' id='word_1_236' title='bbox 274 2360 288 2381; x_wconf 92' lang='lat'>1.</span> 
     </span>
     <span class='ocr_line' id='line_1_33' title="bbox 58 2408 229 2452; baseline 0 -11"><span class='ocrx_word' id='word_1_237' title='bbox 58 2411 78 2452; x_wconf 81' lang='lat' dir='ltr'>(al</span> <span class='ocrx_word' id='word_1_238' title='bbox 89 2409 147 2452; x_wconf 84' lang='lat' dir='ltr'>Supra</span> <span class='ocrx_word' id='word_1_239' title='bbox 160 2409 179 2442; x_wconf 86' lang='lat' dir='ltr'>P.</span> <span class='ocrx_word' id='word_1_240' title='bbox 191 2408 229 2449; x_wconf 79' lang='lat'>154.</span> 
     </span>
    </p>
   </div>
   <div class='ocr_carea' id='block_1_6' title="bbox 0 0 824 2703">
    <p class='ocr_par' dir='ltr' id='par_1_9' title="bbox 0 0 824 2703">
     <span class='ocr_line' id='line_1_34' title="bbox 0 0 824 2703; baseline 0 0"><span class='ocrx_word' id='word_1_241' title='bbox 0 0 824 2703; x_wconf 95' lang='lat' dir='ltr'> </span> 
     </span>
    </p>
   </div>
  </div>
 </body>
</html>
