1616 2703
238 116 261 143 DE
275 116 372 144 antoninos
383 115 511 144 Geueuaueus
674 103 712 153 267

36 206 69 247 per
78 192 144 232 nescio
154 193 208 242 quod
217 192 325 241 capitulum
334 193 425 241 generale
435 197 481 242 post
489 204 565 244 annum
579 203 628 241 1247
639 197 658 229 et
668 197 713 230 ante

36 276 111 305 annum
123 263 220 312 12741ata
232 262 264 301 sit.
278 262 337 308 Qrod
350 262 403 300 enim
415 274 468 301 anno
484 272 533 311 1247
544 263 641 311 posterior
652 263 678 300 sit
690 273 714 300 ex

36 347 59 374 eo
71 333 146 372 eruitur
162 332 216 381 quod
234 332 265 371 bis
275 344 286 369 <r
296 332 371 370 Fratres
389 332 451 370 Bearae
463 332 529 370 Mariae
545 332 569 369 de
583 332 651 369 Monte
669 332 715 370 Car-

37 403 82 443 meli
92 414 103 440 l>
116 401 246 440 nominentur
258 401 292 451 qui
302 402 372 440 titulus
382 401 434 440 dicto
444 413 496 441 anno
507 401 571 451 primo
584 401 604 439 ln
617 402 714 450 diploma-

36 474 89 513 tibus
102 471 208 522 pontificiis
219 471 333 520 invenitur;
347 471 402 521 quod
414 478 480 510 autem
490 482 542 509 anno
556 481 605 519 1274
615 471 715 521 antiquior

36 545 67 589 sit,
81 542 142 591 liquet
154 553 178 580 ex
189 553 213 580 eo
223 542 278 590 quod
288 542 379 590 quamvis
387 541 511 580 confirmatio
521 541 602 579 Ordinis
611 548 629 579 et
640 542 713 590 regulce

37 624 70 664 per
82 612 145 650 bullas
157 616 176 649 et
192 611 300 661 apostolica
318 611 417 661 privilegia
429 611 449 649 in
465 623 549 650 numero
565 611 635 661 plurali
650 611 714 660 expri-

38 687 102 721 matur
121 679 196 732 (qualia
216 682 273 719 annis
297 679 354 725 1226,
375 691 432 729 1247,
457 679 506 730 1256
527 686 547 719 et
567 678 616 719 1262
630 685 714 730 'erogata

37 753 133 800 fuerunt),
149 756 216 789 tamen
234 750 350 800 approbatio
367 750 448 789 Concilii
466 750 606 800 Lugdunensis
626 750 714 796 secundi,

37 820 128 861 omnium
143 820 293 870 pretiosissima,
304 821 368 859 adhuc
376 825 470 859 taceatur.
484 820 598 858 Notandum
611 820 670 858 etiarn
687 825 717 857 est

38 893 58 930 in
70 891 101 928 illa
117 890 193 928 rubrica
206 901 230 927 ne
241 890 325 928 verbum
337 890 418 938 quidem
440 889 505 928 haberi
525 890 549 928 de
567 891 635 939 regula
654 901 714 938 quam

35 961 134 1008 lohannes
146 959 253 1009 patriarcha
270 959 463 1010 Hierosolymitanus
476 960 642 1009 quadragesimus
655 970 715 1008 quar-

37 1035 78 1073 tuS,
102 1040 137 1067 seu
159 1028 269 1067 accuratius
300 1028 465 1078 quadragesimus
498 1029 605 1073 secundus,
642 1027 713 1066 dicitur

38 1098 113 1138 tulisse.

65 1168 163 1206 Auctores
180 1179 227 1205 vero
245 1167 310 1205 saeculi
326 1167 397 1205 decimi
408 1167 459 1206 tertii
472 1173 490 1205 et
507 1167 577 1206 decimi
595 1167 659 1216 quarti
675 1169 715 1205 iere

38 1249 109 1276 omnes
125 1237 145 1274 in
163 1248 186 1274 eo
198 1237 312 1275 laborarunt
329 1241 352 1275 ut
363 1237 477 1286 praedictam
493 1237 631 1286 antiquitatem
645 1238 715 1286 proba-

39 1311 87 1344 rent.
99 1306 247 1355 Argumentum
257 1310 360 1344 sumentes
370 1317 393 1343 ex
402 1307 435 1344 illo
447 1307 490 1344 loco
506 1306 580 1356 regulae
595 1306 629 1344 uhi
645 1306 716 1344 dicitur

0 1421 1 1424 Ἴ
38 1380 73 1414 <rut
84 1375 276 1431 juxtapropositum
288 1380 377 1413 vestrum
390 1376 492 1414 tradamus
506 1375 563 1414 vobis
578 1376 624 1413 virae
640 1377 716 1413 sormu-

38 1446 75 1482 lam
88 1456 148 1494 quarn
160 1449 227 1482 tenere
238 1444 258 1482 in
272 1450 374 1493 posterum
387 1445 474 1483 debeatis
487 1457 498 1484 a>
509 1445 620 1494 postposita
633 1445 713 1483 historia

38 1514 68 1552 sui
79 1514 175 1563 temporis
185 1514 324 1563 unusquisque
337 1526 381 1562 quae
391 1515 443 1564 apud
455 1514 520 1553 varios
533 1520 631 1559 auctores,
644 1519 715 1564 utpote

0 1593 2 1596 ·
37 1584 64 1622 Fl.
74 1583 192 1632 Josephum,
205 1583 289 1621 Plinium
302 1588 322 1621 et
333 1583 439 1622 Eusebium
452 1585 476 1622 dc
488 1584 574 1629 Essenis,
585 1584 638 1632 apud
651 1584 716 1621 Philo-

39 1664 84 1690 nem
93 1653 120 1691 -de
139 1652 275 1701 Therapeuns,
295 1652 348 1701 apud
366 1652 454 1691 Tacitum
471 1653 496 1690 de
508 1655 587 1691 oraculo
606 1653 626 1691 in
647 1657 715 1691 monte

0 1724 1 1727 ’
38 1721 129 1767 Carmeli,
141 1721 319 1771 apudJamblicum
332 1722 356 1759 de
363 1722 479 1772 Pythagorae
491 1722 511 1760 in
524 1722 636 1760 Carmelum
646 1733 715 1760 ascen-

39 1790 101 1839 sione,
119 1791 172 1840 apud
189 1790 294 1839 scriptores
312 1791 453 1829 ecclesiasticos
472 1792 496 1829 de
513 1791 559 1829 Eliae
576 1796 596 1829 et
607 1791 663 1829 Ellsei
675 1792 714 1830 vita

0 1845 1 1850 ¹
33 1865 57 1906 et
68 1860 173 1899 virtutibus
191 1859 288 1909 religiosis
304 1861 380 1909 aliaque
395 1861 415 1898 id
434 1872 498 1909 genus
519 1861 581 1899 multa
593 1861 715 1899 invenerunt

39 1929 63 1966 ad
75 1929 169 1967 tuendam
182 1929 300 1967 sententiam
317 1941 373 1968 suam
389 1930 408 1968 in
421 1941 484 1968 unum
497 1931 626 1978 collegerunt.
640 1930 715 1974 Quam-

1 2049 2 2052 Ἴ
39 1997 68 2035 vis
81 1998 134 2036 enirn
153 1998 243 2037 nonnulli
258 1998 317 2036 medii
332 1999 368 2037 aevr
383 1999 489 2048 scriptores
501 1999 552 2037 hanc
564 1999 714 2038 Carmelitarum

0 2090 1 2094 =
39 2067 111 2105 thesim
123 2068 229 2117 amplexati
239 2068 285 2116 sint,
296 2068 327 2105 alii
339 2073 406 2106 tamen
418 2068 472 2117 iique
485 2080 524 2106 non
537 2068 659 2118 despiciendi
672 2081 715 2106 eam

39 2136 111 2175 infitias
125 2137 186 2182 ibant,
201 2138 227 2175 ita
240 2142 262 2175 ut
277 2148 387 2186 numquam
400 2138 454 2175 Ordo
470 2138 490 2175 in
506 2138 586 2187 pacifica
600 2139 715 2177 assertionis

0 2251 3 2260 κ
40 2216 81 2243 suae
93 2207 220 2255 possessione
228 2207 352 2245 constitutus·
361 2208 426 2245 ruerit.
440 2207 489 2245 Hinc
498 2208 571 2246 facturn
582 2212 612 2245 est
623 2212 646 2246 ut
657 2207 714 2257 quasi

40 2285 99 2313 omne
116 2276 319 2325 historiographorum
338 2282 454 2315 nostrorum
467 2277 556 2315 studium
568 2289 578 2314 a
596 2277 667 2315 saecuro
680 2278 714 2314 de-

0 2349 2 2352 ’
39 2343 89 2382 cirno
101 2350 172 2394 quarto
183 2357 247 2395 usque
260 2346 285 2384 ad
297 2346 404 2384 recentiora
413 2351 504 2396 tempora
518 2346 538 2384 in
551 2346 654 2384 exarandis
666 2358 713 2396 ope-

0 2431 3 2442 2
40 2411 93 2451 ribus
105 2415 232 2464 apologeticis
248 2421 405 2454 consumeretur.
421 2415 540 2464 Huiusmodi
553 2420 600 2454 sunt
613 2416 713 2472 lohannes
