1631 2703
214 111 218 130 2
272 93 356 122 rmonuu
368 93 489 122 cananntrun
678 91 716 132 233

43 170 77 209 ciae
88 169 185 209 Narbone
194 168 355 207 doctoreximius
366 167 480 206 Parisiensis
493 166 576 205 mirabili
588 166 675 215 scientia,
688 179 718 206 sa-

43 239 116 290 pientia
125 243 184 287 atque
195 237 284 276 doctrina
292 237 370 276 fulcitus
382 236 477 275 Ordinem
496 237 546 275 rexit
568 236 648 274 duobus
661 237 718 275 annis

43 320 89 348 cum
98 307 179 345 dimidio
191 311 277 354 tantum,
288 307 307 345 in
319 307 455 356 episcopatum
474 306 623 356 Majoricensem
640 317 675 355 per
685 306 719 344 Se-

42 380 87 417 dem
99 378 343 427 apostolicampromotus
355 377 397 415 suis
411 376 537 426 exigentibus
550 376 632 414 meritis.
649 376 719 414 Postea

42 459 89 487 vero
99 448 163 494 lactus
172 454 202 485 est
214 446 320 496 episcopus
333 446 423 485 Elnensis
433 447 463 484 vel
470 446 567 485 Eunensis
579 445 718 495 propeNarbo·

42 529 88 555 nam
97 517 163 554 aXml
175 517 248 564 leucas,
261 517 294 555 ubi
305 516 434 565 quamplures
446 516 506 553 libros
514 516 538 553 ad
553 515 597 553 fidei
618 515 718 553 catholIcae

41 585 189 625 aedificationem
202 591 221 623 et
230 585 367 624 defensionem
380 585 504 634 conscripsit,
515 590 534 623 et
544 585 571 623 sic
579 584 666 624 virtuose
672 596 719 633 ope-

42 656 103 694 tando
115 655 134 692 in
144 655 243 693 Avinione
255 667 300 693 cum
311 656 386 693 honore
396 655 502 704 pontificali
515 655 534 692 in
555 658 658 692 senectute
667 654 719 691 bona

41 724 132 774 migravit
143 736 154 761 a
166 725 245 769 saeculo,
256 736 309 763 anno
318 724 398 762 Domini
413 735 462 774 1342
472 724 491 761 in
504 728 605 762 conventu
618 723 717 771 sepultus.

66 794 138 833 Sextus
147 794 184 832 suit
196 794 290 843 Magister
302 794 465 841 fraterJoliannes
482 794 507 832 de
531 793 597 832 Alerio
610 793 718 842 provinciae

39 863 138 910 Tholosae,
148 863 216 901 doctor
230 863 315 913 insignis
328 863 449 908 Parisiensis,
458 863 548 901 doctrina
565 868 584 901 et
593 874 673 900 morum
684 863 719 900 ho-

40 936 115 970 nestate
127 933 239 981 praeclarus.
253 932 349 970 Ordinem
360 932 409 970 rexit
419 943 491 971 novem
500 932 558 970 annis
576 930 677 970 humiliter
699 936 719 969 et

39 1002 134 1047 virtuose,
145 1013 185 1039 non
195 1001 248 1039 enim
256 1007 297 1039 erat
306 1002 388 1050 cupiens
395 1013 476 1039 munera
489 1013 554 1051 neque
573 1006 665 1050 acceptor
674 1012 718 1050 per-¹

40 1082 143 1115 sonarum,
157 1071 192 1109 sed
204 1070 240 1107 fuit
251 1071 271 1108 in
282 1071 356 1120 iudicio
371 1075 443 1115 rectus,
457 1071 478 1109 in
490 1070 638 1120 dispensatione
658 1070 717 1108 indu-

40 1140 108 1184 strius,
122 1144 141 1177 et
152 1140 172 1177 in
184 1140 316 1189 praecipiendo
323 1127 432 1189 discretus3
441 1140 522 1178 Ordinis
530 1141 619 1189 regulam
631 1144 651 1177 et
661 1151 714 1177 cere-

37 1197 130 1246 monialia
139 1209 164 1246 ad
170 1219 260 1257 unguem
270 1209 369 1246 observari
377 1209 437 1257 jussit
444 1214 463 1247 et
469 1209 562 1256 laciebat3
579 1220 715 1257 expensassu-

38 1289 144 1326 pervacuus
157 1277 223 1315 stricte
233 1278 312 1321 vitabat,
326 1278 392 1316 bonos
405 1279 475 1324 evexit,
486 1279 548 1316 mulos
561 1278 715 1316 misericorditer

38 1347 161 1391 emendabat,
174 1352 193 1384 et
207 1352 285 1385 tantum
301 1348 368 1385 dilexit
379 1347 439 1385 vitam
463 1348 650 1396 contemplatiorem
661 1347 716 1396 quod

38 1421 60 1457 ut
71 1416 149 1453 lectioni
161 1421 180 1453 et
191 1401 274 1454 orationi
286 1416 365 1454 liberius
373 1417 476 1455 vacaretin
486 1417 572 1465 capitulo
586 1417 673 1466 generali
680 1417 718 1459 Va7

37 1486 124 1522 lencenis
136 1485 254 1523 renuntiavit
262 1486 333 1524 officio.
347 1486 477 1523 Postmodum
490 1497 536 1524 vero
551 1486 571 1523 in
581 1486 614 1523 Dei
623 1477 715 1523 laudibus
750 1509 763 1519 .-

37 1559 56 1592 et
67 1555 139 1592 timore
151 1566 278 1603 perseverans
288 1555 381 1593 Tholosae
401 1555 580 1594 incontaminatum
593 1555 634 1593 Deo
656 1555 717 1593 reddi-

38 1624 66 1661 dit
75 1624 173 1672 spiritum‚
189 1635 242 1661 anno
253 1624 331 1662 Domini
344 1625 363 1662 M
375 1624 423 1663 CCC
437 1625 473 1663 &c

64 1692 165 1742 Septimus
181 1693 218 1730 luit
234 1693 328 1743 magister
341 1695 397 1731 frater
412 1694 479 1732 Petrus
495 1694 518 1732 de
531 1694 593 1738 Casis,
610 1694 716 1742 provinciae

38 1762 155 1811 Aquitaniae,
178 1762 248 1800 doctor
265 1763 385 1808 Parisiensis,
400 1763 491 1809 devotus,
505 1764 560 1801 omni
584 1763 678 1812 sapientia
697 1769 716 1802 et

38 1832 109 1869 virtute
117 1831 211 1880 repletus,
222 1831 318 1870 Ordinem
329 1833 377 1870 rexit
386 1833 409 1870 Xl
421 1834 533 1871 anniscum
543 1832 626 1871 dimidio
637 1832 716 1872 viriliter

20 1898 22 1901 ’
38 1905 57 1938 et
74 1900 153 1946 utiliter,
170 1901 247 1949 luitque
265 1902 284 1939 in
302 1902 384 1940 consilio
403 1902 566 1952 circumspectus,
580 1902 600 1940 in
616 1903 717 1951 loquendo

38 1970 148 2017 modestus,
161 1970 181 2007 in
195 1971 315 2009 correctione
328 1971 439 2018 discretus;
451 1972 560 2020 extirpabat
572 1972 625 2009 enim
638 1972 718 2022 colliga-

36 2038 101 2077 tiones
114 2043 133 2077 et
146 2039 336 2078 conloederationem
350 2041 454 2085 malorum,
467 2040 606 2078 corroborabat
617 2040 667 2079 vires
680 2053 715 2080 seu

37 2108 160 2146 affectionem
170 2109 278 2157 bonorum,
289 2121 386 2158 expensas
395 2109 516 2148 inordinatas
526 2115 548 2149 ut
560 2110 625 2159 potuit
634 2111 714 2156 vitabat,

37 2189 60 2215 ex
72 2165 115 2215 toto
127 2178 194 2215 animo
206 2179 275 2217 fratres
287 2179 374 2217 Domino
392 2179 464 2217 servire
477 2181 575 2226 movebat,
592 2181 644 2218 unde
655 2181 716 2219 tantae

37 2246 73 2284 fnit
82 2247 160 2285 virtutis
170 2252 189 2285 et
200 2249 320 2287 excellentiae
329 2249 383 2297 quod
398 2249 493 2287 dominus
503 2261 552 2298 papa
560 2249 676 2288 Benedictus
685 2251 715 2288 Xll

37 2328 82 2353 eum
95 2315 221 2366 promoveret
238 2316 258 2355 in
275 2318 392 2368 episcopum
405 2318 555 2364 Vasionensem,
569 2325 588 2357 et
600 2324 667 2368 postea
679 2320 714 2358 do-

37 2384 104 2424 minus
115 2398 165 2436 papa
175 2386 266 2426 Clemens
279 2389 303 2427 Vl
311 2400 357 2428 eum
370 2388 485 2428 sublimavit
494 2388 513 2426 in
524 2389 653 2441 patriarcham
661 2388 711 2445 (Fol.
