1631 2703
303 106 381 135 nuuulca
396 107 439 135 XXXI
502 120 505 124 ⁴
680 111 706 150 97
743 103 745 105 ¹

33 211 35 213 ,
63 177 83 217 6.
97 179 206 219 Statuimus
215 186 288 227 autem,
299 182 354 230 quod
366 183 432 220 nullus
444 182 544 230 professus
559 193 594 231 pro
609 165 706 231 quocum-

34 253 74 296 'que
86 248 133 287 vitio
145 261 155 287 a
173 254 240 288 nostro
253 250 320 288 ordine
332 251 445 299 expellatur,
460 250 496 288 nisi
509 250 577 289 litteris
589 248 706 292 dimissoriis

35 316 118 365 apriore
131 318 216 367 generali
228 318 293 368 petitis
303 323 322 356 et
334 319 426 357 obtentis.
439 329 458 366 7.
471 319 597 369 Quicumque
612 320 671 359 etiam
681 322 705 359 de

32 390 99 424 >cetero
107 387 131 424 ab
139 386 207 424 ordine
216 392 287 425 nostro
296 388 434 435 apostataverit
442 387 472 424 vel
479 388 519 436 jam
529 387 548 425 in
556 389 653 436 apostasia
662 391 704 427 lue-

20 463 22 465 ’
37 454 61 492 rit
71 455 120 505 (Ροί.
133 466 158 506 3²
167 453 193 506 a),
204 456 297 494 volumus
309 456 363 503 quod
375 456 399 493 ad
413 455 509 504 prioratus
520 457 664 506 cujuscumque
676 460 706 496 ol-

32 523 110 572 ateium,
128 524 251 563 diffinitionis
263 524 358 574 generalis
373 525 403 562 vel
415 524 537 573 provincialis
555 525 641 573 capituli,
651 527 704 576 'eligi

37 602 76 629 non
89 593 153 641 possit
161 593 191 630 vel
202 593 283 637 assumi,
297 592 334 630 nisi
343 604 388 631 cum
400 593 444 641 ipso
454 604 488 640 per
497 595 587 641 generale
596 594 703 642 capitulum

37 665 82 708 post
93 660 199 699 triennium
211 673 222 698 a
234 661 296 699 reditu
306 671 349 704 suo,
362 660 476 699 testimonio
488 661 590 699 laudabilis
601 673 705 701 conversa-

37 729 97 768 tionis
108 741 150 768 suae
165 730 202 768 sub
214 730 279 779 sigillo
293 730 371 778 capituli
390 729 519 778 provincialis,
534 730 585 768 illius
601 731 705 778 provinciae

37 798 57 835 in
72 809 111 847 qua
121 790 272 847 apostataverit,
291 798 349 836 fuerit
361 798 661 847 misericorditerdispensatum,
675 802 704 838 vel

37 878 140 915 persuum
152 866 237 915 priorem
247 866 392 916 provincialem,
406 867 430 904 de
438 878 520 905 assensu
531 867 660 906 diffinitorum
673 881 704 907 ca-

37 935 92 983 pituli
104 935 227 984 provincialis
237 935 349 973 immediate
361 935 462 984 sequentis
472 940 517 983 post
526 936 633 984 capitulum
643 949 705 985 gene-

37 1004 82 1042 rale.
142 1008 144 1013 ’

63 1073 82 1110 8.
97 1073 144 1110 ltem
154 1072 266 1115 statuimus,
280 1072 333 1120 quod
345 1071 466 1120 quicumque
475 1072 515 1120 jam
525 1074 662 1120 apostataverit
673 1075 703 1111 vel

32 1140 128 1189 “deinceps
140 1140 263 1189 apostatabit,
280 1144 299 1177 et
310 1140 329 1177 in
342 1141 439 1188 apostasia
453 1151 488 1178 sua
503 1152 537 1188 per
551 1152 625 1178 annum
639 1142 702 1187 tuerit,

31 1210 66 1246 'vel
84 1209 118 1258 qui
137 1208 168 1247 bis
188 1208 332 1257 apostataverit,
350 1209 381 1245 vel
398 1220 444 1246 curn
457 1210 600 1257 perpetratione
617 1210 704 1249 criminis

36 1277 123 1315 enormis
133 1277 164 1315 vel
176 1277 261 1314 scandali
273 1276 363 1315 notabilis
378 1282 397 1314 et
411 1277 508 1314 manifesti
520 1277 606 1321 exiverit,
618 1278 675 1315 etiam
688 1279 704 1316 si

36 1356 76 1383 non
87 1345 144 1384 suerit
153 1350 206 1383 extra
218 1345 307 1383 ordinem
329 1344 366 1382 nisi
376 1356 410 1393 per
422 1350 461 1383 tres
473 1345 520 1389 dies,
531 1346 556 1383 ad
567 1346 655 1384 studium
673 1347 705 1384 Pa-

36 1414 93 1463 rysiis
104 1415 135 1452 vel
152 1413 232 1451 aliarum
245 1412 393 1451 universitatum
407 1424 446 1450 non
460 1412 555 1458 mittatur,
574 1425 609 1451 nec
624 1426 705 1462 promo-

36 1486 103 1519 veatur
119 1481 139 1519 in
151 1482 251 1526 lectorem,
265 1492 301 1519 nec
311 1481 369 1518 etiam
381 1480 452 1529 poterit
460 1481 476 1518 ei
491 1482 545 1519 locus
556 1482 587 1519 vel
598 1481 705 1520 vox‘resti-

35 1550 71 1594 tui,
84 1550 121 1588 nisi
131 1560 165 1598 per
175 1549 281 1598 capitulum
299 1550 389 1598 generale
400 1550 430 1587 vel
441 1560 475 1597 per
489 1550 596 1598 capitulum
609 1551 704 1598 provinci-

35 1619 64 1656 ale
75 1617 186 1656 immediate
195 1628 279 1666 sequens
299 1617 414 1665 praedictum
427 1617 534 1665 capitulum
548 1619 645 1666 generale,
658 1631 703 1667 quae

36 1686 77 1724 sola
91 1685 206 1735 hujusmodi
219 1685 317 1723 habilitare
332 1690 423 1734 poterunt
437 1685 461 1722 ad
476 1686 574 1733 praedicta.
588 1697 607 1736 9.
625 1686 644 1724 Si
659 1688 703 1736 quis

35 1759 101 1793 autem
113 1754 197 1803 acceptis
214 1754 282 1793 litteris
295 1753 412 1792 dimissoriis
423 1740 513 1792 ordinem
525 1754 592 1793 exierit
603 1759 622 1792 et
642 1742 703 1793 redire

35 1823 118 1861 voluerit
127 1823 176 1861 infra
184 1823 292 1861 terminum
302 1822 338 1860 sibi
348 1833 472 1867 concessum,
485 1824 559 1861 anullo
569 1822 606 1861 nisi
620 1836 631 1861 a
640 1824 704 1872 priore

35 1891 120 1940 generali
129 1891 231 1940 recipiatur
241 1896 260 1930 et
271 1896 318 1929 tunc
333 1891 436 1940 recipiatur
449 1896 471 1929 ut
483 1891 575 1930 novitius.
584 1892 609 1928 lta
621 1892 670 1937 scil,
682 1899 704 1931 ut

35 1960 101 1998 locum
111 1965 130 1998 et
141 1971 211 1999 vocem
223 1960 273 1998 inter
285 1961 385 2010 professos
395 1971 434 1998 non
443 1960 518 2004 babeat,
527 1961 562 1998 sed
571 1971 616 1998 cum
624 1961 703 1999 novitiis

34 2028 54 2065 in
63 2029 223 2077 processionibus
234 2033 254 2067 et
265 2029 285 2067 in
292 2029 384 2078 capitulo,
392 2030 452 2066 choro
459 2034 478 2065 et
490 2029 591 2066 refectorio
604 2029 668 2067 locum
676 2035 704 2067 te-

35 2101 87 2142 neat,
100 2102 119 2134 et
131 2108 165 2147 per
176 2109 247 2135 omnes
259 2100 325 2135 sextas
341 2096 398 2134 ferias
411 2107 444 2145 per
463 2107 537 2147 annum
550 2097 648 2145 integrum
664 2109 704 2145 poe-

36 2176 81 2203 narn
102 2165 196 2215 gravioris
214 2166 277 2214 culpae
288 2165 391 2209 sustineat,
413 2170 431 2202 et
448 2169 494 2212 post
510 2164 666 2213 Completorium
684 2166 703 2203 in

35 2233 96 2271 choro
109 2233 187 2283 recipiat
197 2233 328 2282 disciplinam,
342 2232 378 2269 nisi
390 2232 443 2280 prior
454 2232 551 2280 generalis
566 2236 640 2280 partem
655 2243 705 2280 prae-

35 2301 93 2339 dictae
107 2313 174 2351 poenae,
186 2301 337 2340 misericorditer
348 2301 431 2338 voluerit
450 2301 540 2337 relaxare.
564 2310 593 2337 ro.
607 2299 626 2337 Si
638 2305 704 2338 autem

36 2368 85 2407 inira
91 2371 199 2409 terminum
211 2370 248 2409 sibi
260 2369 363 2420 praefixum
377 2369 464 2407 ordinem
484 2367 521 2406 sibi
533 2379 651 2407 concessum
664 2379 704 2407 non

655 2457 664 2484 7
