1631 2703
325 128 405 158 nuamca
414 129 432 157 1v
693 128 717 167 27

42 204 126 256 pitulum
140 207 159 241 et
180 190 305 243 relectorium
324 205 403 243 nudatis
415 204 512 254 capitibus
530 204 676 243 inclinationem
692 205 701 242 l
710 225 718 232 -

43 276 93 314 ciant
102 277 219 320 reverenter,
233 275 270 313 sub
285 285 344 324 poena
354 274 424 312 mediae
433 275 503 323 culpae.
515 274 609 312 lnclinent
621 274 679 312 etiam
697 285 718 312 se

43 344 112 384 eodem
122 344 182 382 modo
195 345 286 392 quotiens
296 356 369 383 nomen
379 344 426 391 Jesu
435 344 507 382 Christi
519 350 538 383 et
548 356 621 383 nomen
631 344 718 394 Virginis

43 413 107 453 Mariae
117 413 136 451 in
145 413 214 451 officiis
223 414 359 453 nominantur.
528 416 530 419 '

72 494 101 533 15.
115 483 209 521 Moneant
217 484 275 522 etiam
285 485 353 522 tratres
362 495 411 522 suos
420 488 443 521 ut
452 483 578 532 discooperto
601 483 663 533 capite
672 494 717 521 cum

44 553 97 600 omni
107 553 215 591 reverentia
230 558 249 592 et
260 554 391 592 sollicitudine
403 553 452 591 circa
475 554 533 591 altare
546 554 638 592 studeant
650 552 718 591 minis·
745 550 748 556 '

43 629 99 668 trare,
111 622 148 661 sub
158 633 218 672 poena
228 623 297 662 mediae
310 624 380 672 culpae.

73 689 102 731 16.
114 693 133 730 ln
148 692 243 731 omnibus
260 692 391 731 conventibus
411 692 477 730 tabula
495 692 610 731 communis
623 692 717 730 habeatur

44 774 78 812 per
90 773 149 811 quam
157 761 229 811 singuli
251 763 320 800 tratres
340 761 403 800 sciant
414 761 492 810 adquae
504 761 566 800 officia
590 762 717 810 deputantur.

47 831 118 879 17.Q1i
125 842 171 870 vero
178 830 197 868 in
204 831 268 870 officio
277 831 314 869 sibi
324 842 359 880 per
369 831 456 869 tabulam
469 830 568 879 assignato
578 831 683 880 negligens
691 841 720 868 re·
751 817 753 820 ⁵

44 905 111 951 pertus
122 900 219 944 fueritin
228 900 319 950 proximo
330 900 415 950 capitulo
430 905 475 949 post
492 899 578 938 Tertiam
595 900 718 949 dIsciplinam
744 902 747 905 ’

44 970 129 1019 recipiat,
148 970 221 1008 assueti
238 975 304 1009 autern
317 981 377 1019 poena
390 969 455 1019 gravis
470 970 533 1019 culpae
549 970 664 1020 puniantur.
680 969 720 1014 Qri

44 1048 89 1078 vero
101 1039 179 1078 aliunde
191 1044 300 1089 occupatus
306 1040 365 1078 tuerit
373 1039 423 1077 intra
430 1044 484 1088 septa
494 1039 531 1077 loci
543 1040 630 1089 aliquem
640 1039 719 1076 fratrem

44 1109 77 1159 qui
86 1109 139 1147 vices
149 1109 191 1158 ejus
204 1109 294 1159 suppleat
304 1108 374 1147 humili
387 1107 524 1157 deprecatione
536 1113 613 1158 satagat
624 1109 718 1156 invenire,

44 1179 81 1218 sub
94 1190 153 1228 poena
165 1179 230 1228 gravis
242 1179 312 1228 culpae.
327 1180 356 1217 18.
372 1178 452 1216 Ostium
465 1177 519 1215 chori
532 1178 618 1216 exterius
629 1179 719 1216 clausum

43 1253 138 1293 teneatur,
152 1247 188 1286 nisi
197 1259 232 1296 pro
250 1247 365 1286 necessitate
374 1252 393 1285 et
405 1247 512 1285 oratorium
526 1247 648 1286 visitantium
659 1247 719 1285 devo-

43 1318 96 1356 tione
104 1317 209 1368 aperiatur.

124 1435 185 1473 Runa.
197 1435 228 1473 lV.
243 1435 271 1473 De
283 1445 356 1482 inpuro
368 1444 458 1473 vnnraun
473 1444 497 1472 m
508 1444 635 1473 conesnoru.

74 1584 214 1625 1.Statuimus
233 1589 255 1622 ut
267 1586 336 1622 tratres
353 1584 415 1622 nostri
432 1584 521 1633 jejunent
530 1584 550 1622 in
567 1584 615 1623 cibis
638 1585 721 1634 quadra-

44 1654 200 1704 gesimalibusa
227 1653 329 1691 Dominica
344 1653 519 1702 Qrinquagesimae
534 1665 599 1702 usque
624 1654 648 1691 ad
668 1653 720 1691 diem

44 1724 151 1762 Dominicae
168 1723 323 1767 resurrectionis,
341 1723 412 1761 diebus
429 1722 537 1761 Dominicis
554 1723 644 1768 exclusis,
661 1728 680 1761 et
699 1723 720 1761 in

7 1780 23 1806 3¹
46 1793 115 1843 vigiliis
131 1792 241 1831 Natiuitatis
259 1793 346 1838 Domini,
356 1792 492 1837 Ascensionis⁷
505 1791 657 1835 Pentecostes,*
672 1793 721 1830 Om-

7 1856 23 1882 ν·
46 1863 101 1901 nium
112 1862 237 1907 Sanctorum,
251 1848 421 1907 Annuntiationis,
435 1862 592 1910 Assumptionis,
610 1862 721 1901 Natiuitatis

10 1917 28 1961 ¹-
47 1937 66 1971 et
74 1931 215 1971 Purificationis
225 1932 286 1969 beatae
297 1931 369 1976 Mariae,
383 1931 502 1969 etomnium
512 1933 655 1980 apostolorum,
672 1943 722 1980 prae-

6 1986 10 1993 ⁷
21 1987 30 2015 '¹
47 2007 137 2051 terquam
147 2000 209 2039 sancti
215 2001 296 2049 Joannis
308 2001 433 2050 evangelistae
443 2006 462 2038 et
479 2000 511 2038 SS.
522 2000 604 2055 Philippi
612 2005 631 2039 et
639 2001 704 2048 Jacobi
715 2012 720 2049 ς

45 2083 66 2108 ac
75 2071 95 2109 in
105 2073 174 2119 quarta
184 2074 203 2107 et
214 2074 268 2108 sexta
280 2070 326 2107 teria
344 2074 363 2107 et
375 2070 457 2108 sabbato
469 2073 555 2118 quatuor
566 2075 688 2119 temporum,
703 2074 722 2107 et

45 2141 64 2179 in
76 2140 149 2190 vigillis
161 2139 223 2178 sancti
232 2140 314 2187 Joannis
323 2139 414 2189 Baptistae
426 2144 445 2176 et
454 2138 516 2177 sancti
528 2139 632 2185 Laurentii,
643 2151 722 2178 necnon

45 2221 79 2258 per
98 2214 163 2247 totum
182 2209 305 2256 Adventum,
319 2209 356 2247 sub
372 2220 432 2258 poena
443 2208 510 2257 gravis
525 2209 596 2258 culpae.
614 2221 633 2247 2.
646 2209 722 2248 Priores

45 2290 91 2317 vero
100 2277 230 2328 provinciales
240 2278 315 2327 priores
327 2279 398 2315 locales
410 2278 470 2326 hujus
482 2278 597 2316 fractionem
607 2278 675 2328 jejunii
688 2289 724 2317 seu

45 2347 189 2386 comestionem
204 2347 292 2385 carnium
307 2348 327 2385 in
345 2347 439 2385 Adventu
451 2346 572 2385 includendo
585 2347 669 2396 primam
683 2348 724 2385 Do·

47 2416 139 2456 minicam
150 2413 185 2469 [et]
196 2415 258 2465 ipsius
268 2416 339 2455 directe
354 2417 385 2455 vel
397 2416 490 2455 indirecte
503 2416 648 2465 permittentes,
660 2417 684 2455 ab
696 2417 726 2455 ot-
