1631 2703
271 104 339 133 senex.
355 104 374 131 a.
390 105 408 132 o.
427 92 483 145 1336.
675 101 710 141 137

71 180 116 217 ltem
125 179 206 217 Rubrica
218 179 262 216 lllll
270 176 301 229 (r)
313 179 336 216 de
348 179 420 227 poenis,
430 179 449 217 in
462 178 555 228 principio
567 183 673 227 antequam
686 177 710 215 de

44 248 80 287 levi
89 250 145 297 culpa
155 248 241 287 dicatur:
254 248 361 286 Statuimus
371 248 424 296 quod
436 248 556 296 ubicumque
568 259 601 297 per
612 248 710 286 constitu-

44 319 108 356 tiones
123 317 196 355 ordinis
209 329 266 366 poena
277 316 391 365 privationis
408 317 445 355 loci
458 321 476 354 et
489 317 542 354 vocis
557 317 652 366 intligitur
667 318 710 366 ipso

44 389 101 431 sacto,
117 391 196 436 propter
208 387 317 424 animarum
331 386 407 424 diversa
421 386 505 435 pericula
517 397 561 434 quae
576 386 620 423 inde
635 386 711 435 possint

45 456 157 505 contingere
165 456 189 494 ad
199 457 288 505 praelatos
297 455 408 493 nullatenus
417 455 537 498 extendatur,
548 455 581 492 sed
594 456 636 493 loco
646 466 710 504 poenae

45 524 141 575 praedictae
153 516 272 573 ubicumque
284 524 303 561 in
313 523 487 562 constitutionibus
497 523 590 572 reperitur
601 523 617 561 si
628 524 652 561 de
662 513 712 573 prae-

44 594 87 632 latis
96 584 164 643 agatur
173 594 211 632 sub
216 602 279 642 'poena
289 592 417 641 depositionis
426 605 436 629 a
446 591 487 630 suis
499 592 567 630 offulis
579 593 683 631 inseratur.

69 663 114 700 ltem
123 662 228 701 statuimus
237 661 291 711 quod
301 661 381 710 quilibet
389 663 446 699 irater
455 662 497 699 loco
505 666 525 698 et
533 671 581 698 voce
590 661 677 709 privatus
690 661 710 699 in

43 733 110 779 choro,
124 727 209 780 capitulo
219 737 238 769 et
247 731 266 769 in
283 730 382 768 refectorio
398 731 490 768 ultimum
503 730 568 767 locum
580 734 646 767 teneat
655 731 711 779 juxta

44 800 129 838 novitios
137 805 156 837 et
168 787 225 838 etiam
236 800 355 848 ubicumque
367 800 435 837 iratres
445 798 516 837 ruerint
528 799 647 848 congregati,
658 799 713 848 quod

45 869 60 908 si
79 869 209 918 quiscumque
226 869 268 906 loco
284 873 303 906 et
319 879 367 906 voce
385 868 472 916 privatus
489 867 548 905 alium
569 868 633 906 locum
652 875 712 917 quam

44 937 136 976 ultimum
146 938 211 975 locum
223 948 318 985 occupare
330 937 478 985 presumpserit
495 947 518 973 ex
531 941 579 974 tunc
594 937 618 974 ad
633 948 711 985 recupe-

44 1006 126 1044 randum
135 1007 200 1044 locum
210 1011 228 1043 et
237 1017 305 1044 vocem
315 1006 340 1043 sit
352 1006 443 1043 inhabilis
454 1006 497 1053 ipso
507 1006 565 1042 sacto.

70 1075 116 1112 ltem
129 1075 234 1112 statuimus
243 1074 296 1123 quod
308 1074 429 1122 ubicumque
439 1074 458 1111 in
470 1073 643 1112 constitutionibus
655 1073 712 1122 poni-

44 1148 76 1181 tur
85 1153 143 1191 poena
152 1142 282 1191 depositionis
296 1142 320 1179 ab
329 1142 393 1179 officio
409 1142 452 1190 ipso
462 1143 519 1193 lacto,
533 1142 571 1179 hoc
576 1143 630 1190 quod
642 1141 712 1180 dicitur

45 1212 88 1260 ipso
103 1213 153 1248 tacto
168 1216 246 1260 propter
263 1211 324 1248 multa
343 1211 426 1259 pericula
445 1222 489 1259 quae
504 1216 586 1259 possent
598 1211 711 1259 contingere

45 1280 155 1323 abradatur,
175 1284 194 1317 et
210 1291 269 1328 poena
281 1283 380 1317 remaneat
394 1278 523 1328 depositionis
535 1279 559 1317 ab
578 1279 643 1318 officio
662 1279 712 1318 sicut

46 1347 107 1397 prius.
382 1387 385 1391 ,

71 1416 117 1454 ltern
130 1416 251 1465 ubicumque
267 1416 346 1464 ponitur
364 1427 422 1464 poena
442 1416 556 1467 privationis
574 1416 610 1454 loci
625 1421 644 1454 et
659 1416 713 1454 vocis

45 1486 88 1534 ipso
99 1486 154 1528 tacto,
172 1485 285 1534 intelligitur
303 1485 416 1533 hujusmodi
432 1496 489 1533 poena
504 1470 546 1533 ipso
566 1487 617 1522 iacto
633 1485 717 1533 quando

45 1553 90 1602 quis
98 1553 123 1590 de
134 1554 184 1590 lacto
194 1553 213 1590 in
225 1553 311 1602 capitulo
320 1554 424 1591 confessus
436 1553 493 1591 luerit
505 1558 538 1591 aut
548 1554 658 1593 convictus.

72 1622 118 1659 ltem
131 1622 236 1659 statuimus
255 1622 309 1670 quod
328 1633 398 1659 omnes
414 1627 433 1659 et
449 1622 522 1670 singuli
543 1622 576 1670 qui
595 1628 662 1660 contra
680 1633 714 1660 su-

46 1689 132 1739 periores
140 1689 214 1727 ordinis
224 1701 244 1727 se
253 1689 348 1727 erexerint
357 1701 393 1727 seu
402 1701 422 1727 se
431 1683 505 1738 erigent
512 1689 531 1726 in
539 1691 636 1735 futurum,
644 1701 712 1728 eorum

46 1758 118 1796 scilicet
130 1757 217 1795 officium
235 1762 352 1805 usurpantes
364 1769 399 1796 seu
414 1769 508 1807 usurpare
524 1764 664 1797 conantesaut
679 1770 713 1796 eos
742 1780 744 1783 ·

47 1837 80 1875 per
91 1822 140 1872 alios
149 1827 178 1863 vel
194 1837 228 1874 per
239 1825 404 1874 se-impedientes
414 1837 438 1863 ne
452 1837 512 1864 suum
527 1827 614 1864 officium
626 1839 713 1865 exercere
737 1829 739 1831 ’

47 1894 123 1932 valeant
133 1888 178 1931 cum
191 1894 268 1938 effectu,
282 1893 383 1942 pontifices
392 1899 426 1932 aut
438 1895 534 1943 praelatos,
542 1887 650 1944 ‘reges-aut
661 1895 714 1944 prin-

46 1963 99 2010 cipes
113 1962 226 2005 excitantes,
240 1967 261 2000 ut
273 1962 403 2010 superioresa
415 1963 456 2000 suis
467 1962 536 2001 officiis
546 1965 664 2011 repellantur
679 1974 714 2001 seu

47 2030 105 2068 etiam
117 2030 250 2074 absolvantur,
264 2040 299 2067 seu
312 2031 425 2078 hujusmodi
440 2031 592 2078 impedientibus
604 2043 639 2070 seu
651 2031 714 2070 taliter

48 2110 69 2137 se
76 2098 194 2147 erigentibus
203 2098 314 2145 consilium,
328 2098 422 2137 auxilium
434 2100 465 2137 vel
475 2100 561 2136 favorem
570 2100 685 2148 praebentes,
698 2100 714 2137 si

70 2259 91 2300 (ι’)
104 2259 182 2291 Rubrica
193 2260 243 2292 XLII
253 2258 289 2302 agit
298 2259 319 2291 de
329 2270 382 2302 poena
391 2260 542 2302 grnviorisculpae
550 2271 590 2303 quae
597 2261 713 2293 amissionem

49 2316 84 2350 loci
96 2325 113 2349 et
127 2317 177 2349 vocis
192 2327 253 2349 secum
267 2316 328 2349 trahit.
347 2313 457 2350 Constitutio
472 2317 512 2349 haec
525 2327 568 2360 post:
580 2319 713 2361 paragraphum

49 2373 127 2419 primum
137 2374 221 2409 Rubricae
232 2373 309 2408 XXXlX
320 2375 403 2418 ponenda
413 2383 457 2408 erat.
