1631 2703
114 124 137 170 84
369 132 529 162 cousnrunoues

142 219 171 246 10.
187 208 262 247 Fratres
276 213 341 247 autem
354 209 416 247 clerici
428 208 516 258 quotidie
525 213 571 258 post
585 207 670 246 Tertiam
686 208 711 246 de
722 207 786 256 culpis

111 277 131 315 in
144 279 205 317 choro
215 278 330 328 perpetratis
343 279 425 317 reddant
433 279 500 328 culpus
510 290 556 317 suas
568 283 587 316 et
599 277 735 327 poenitentiam
748 277 785 315 sibi

111 347 220 394 iniunctam
231 348 300 387 faciant
309 354 328 386 et
337 349 430 399 recipiant
439 360 474 398 pro
484 348 566 393 eisdem,
577 348 615 386 nisi
624 348 643 386 in
655 348 710 386 festis
722 347 787 397 dupli-

112 417 168 455 cibus
176 422 195 455 et
205 418 253 456 totis
265 418 384 468 duplicibus.
398 418 448 469 (Fol.
462 417 521 469 27b)

144 498 173 526 11.
189 489 267 526 Mortuo
279 499 325 527 vero
334 488 398 538 priore
406 488 539 527 localistatim
552 499 607 526 mors
617 487 660 537 ejus
672 486 730 536 priori
742 498 785 537 pro-

113 557 190 595 vinciali
208 558 329 607 significetur
341 569 375 607 per
386 558 510 608 subpriorem
528 558 562 606 qui
577 562 699 596 conventum
717 557 787 596 lrabeat

113 637 181 674 regere
193 627 256 665 donec
264 628 288 665 de
300 627 363 677 priore
375 628 411 677 ipsi
420 627 526 666 conventui
535 626 593 665 fuerit
602 626 713 676 provisum.
723 626 742 665 Si
754 638 787 665 ve-

113 706 135 733 ro
155 695 280 746 subpriorem
298 708 338 735 non
356 698 452 743 habuerit,
471 696 587 747 praesidente
606 696 691 734 habente
703 695 786 746 primam

113 778 182 806 vocem
194 768 332 814 inconventu,
346 780 381 818 per
389 769 456 817 ipsum
468 769 667 808 conventumlocum
679 766 787 805 tenens'vi-

113 836 158 875 carii
170 836 259 886 eligatur,
272 838 306 886 qui
318 845 439 876 conventum
452 843 505 888 regat
516 843 535 876 et
547 841 632 876 mortem
644 836 696 875 illius
708 836 789 885 provinz

111 905 159 951 ,ciali
173 905 271 955 significet
289 907 409 951 festinanter,
432 907 466 956 qui
486 907 510 945 de
528 907 592 956 priore
614 905 723 956 provideat,
755 906 786 944 vel

112 975 275 1024 providerisaciat
284 975 341 1014 citius
353 988 393 1025 quo
405 976 445 1014 fieri
457 976 529 1025 poterit
540 976 594 1014 bono
607 976 675 1014 modo.
691 986 721 1013 12.
734 975 785 1013 Cum

112 1048 178 1082 autem
191 1044 280 1083 eundum
294 1045 320 1083 sit
332 1046 357 1083 ad
369 1045 478 1095 capitulum
489 1044 606 1095 provinciale
618 1045 668 1082 inim
680 1048 725 1082 octo
737 1043 785 1089 dies,

113 1114 226 1152 convocatis
236 1114 338 1160 omnibus,
347 1115 381 1163 qui
390 1115 475 1163 capitulo
488 1114 614 1153 conventuali
624 1114 697 1152 debent
705 1114 787 1152 interes-

113 1194 141 1226 se,
155 1182 219 1232 primo
233 1182 267 1221 liat
284 1184 352 1222 electio
368 1183 414 1222 socii
427 1184 497 1233 prioris
511 1184 535 1222 ad
546 1184 654 1233 capitulum
670 1182 715 1221 ituri
731 1183 786 1233 Juxta

111 1253 196 1290 sormam
208 1252 229 1289 in
243 1253 328 1291 Rubrica
342 1253 366 1291 de
380 1254 509 1292 electionibus
524 1258 645 1292 contentam.
661 1252 725 1290 Electo
739 1264 786 1292 vero

112 1320 173 1366 socio,
185 1322 201 1359 si
210 1321 335 1371 subpriorem
345 1322 390 1372 eligi
402 1322 512 1371 contigerit,
524 1323 554 1360 vel
564 1321 688 1371 subpriorem
701 1332 741 1359 non
753 1323 787 1380 ha-

80 1439 83 1443 .
112 1390 199 1438 buerint‚
219 1390 301 1430 vicarius
317 1392 342 1429 ad
367 1392 518 1430 custodiendum
537 1396 657 1430 conventum
677 1393 742 1440 usque
762 1391 790 1429 ad-

112 1460 220 1498 adventum
232 1461 302 1509 prioris
317 1461 341 1499 de
350 1461 435 1511 capitulo
448 1474 459 1499 a
470 1465 569 1501 conventu
585 1461 674 1510 eligatur.
695 1472 724 1511 13.
741 1462 786 1506 Qro

111 1530 179 1574 electo,
193 1530 311 1578 praesidente
320 1530 374 1569 socio
388 1531 413 1568 ad
424 1530 531 1579 capitulum
544 1530 603 1575 ituro,
618 1531 714 1579 praesente
720 1529 786 1578 'priore

110 1598 135 1635 de
147 1598 261 1637 excessibus
273 1605 292 1637 et
304 1599 430 1649 negligentiis
445 1600 487 1650 ejus
499 1600 582 1649 diligens
598 1598 699 1648 inquisitio
711 1598 751 1647 liat,
767 1604 786 1637 et

110 1673 150 1705 tam
160 1679 253 1706 excessus
266 1680 326 1717 quam
339 1669 464 1718 negligentiae
473 1670 569 1718 ejusdem,
582 1668 598 1706 si
611 1656 656 1718 quae
666 1668 739 1706 luerint
750 1679 786 1706 no·

110 1736 179 1776 labiles
191 1743 211 1776 et
227 1738 314 1787 probatae
329 1739 455 1783 sufficienter,
475 1740 494 1776 in
507 1740 550 1789 ejus
559 1738 648 1776 absentia
660 1738 675 1776 si
685 1748 735 1787 quas
752 1749 786 1775 ne-

111 1811 152 1855 get,
171 1811 191 1843 et
208 1807 289 1845 nomina
304 1809 438 1846 accusantium
455 1810 486 1846 vel
505 1807 666 1846 denuntiantium
682 1812 701 1845 et
715 1808 784 1856 culpas

110 1875 265 1921 testificantium,
279 1876 299 1914 in
315 1877 392 1926 scriptis
410 1877 531 1926 redigantur,
551 1888 595 1927 quae
607 1887 642 1926 per
660 1875 734 1914 dictum
753 1887 790 1914 so-.

110 1945 163 1983 cium
176 1945 309 1995 inpraesentia
322 1946 391 1994 prioris
403 1948 498 1995 perlectae,
510 1946 626 1984 nominibus
637 1951 703 1984 tamen
715 1946 784 1994 culpas

111 2015 153 2063 ejus
167 2014 315 2054 testificantium
328 2027 368 2053 non
381 2016 506 2065 expressatis,
519 2015 582 2053 eidem
598 2015 635 2054 sub
653 2015 717 2064 sigillo
730 2025 785 2061 com-

110 2083 166 2121 muni
178 2089 275 2132 praesente
289 2084 354 2133 priore
368 2086 490 2128 claudantur,
509 2084 568 2133 priori
581 2084 694 2133 provinciali
712 2088 731 2121 et
747 2083 784 2120 dif-

108 2151 221 2191 finitoribus
230 2165 264 2202 per
273 2154 350 2192 socium
360 2155 510 2203 praesentandae,
523 2159 541 2193 et
551 2154 617 2193 statim
628 2152 782 2202 postsigillatio-

109 2234 154 2259 nem
167 2224 201 2271 p'er
210 2224 286 2261 socium
296 2235 355 2262 suum
365 2224 422 2262 cietur
432 2224 468 2262 sibi
478 2225 533 2273 copia
543 2225 567 2262 de
579 2224 642 2273 culpis
649 2223 756 2273 praedictis.

139 2302 168 2339 14.
184 2292 237 2333 ltem
247 2293 270 2330 de
284 2293 382 2342 prioribus
401 2293 554 2342 provincialibus
572 2294 666 2331 volumus
683 2290 783 2330 observari

109 2360 190 2408 quando
202 2361 272 2400 dicturi
283 2366 331 2400 sunt
342 2363 410 2412 culpas
423 2374 476 2402 suas.
493 2374 523 2412 15.
536 2362 555 2401 Si
567 2367 633 2401 autem
645 2361 716 2411 aliquis
726 2362 784 2399 irater

109 2429 180 2468 habeat
190 2431 255 2481 aliqua
266 2431 335 2471 contra
344 2443 404 2472 suum
414 2432 501 2483 'priorem
514 2432 661 2484 provincialem,
673 2432 703 2470 vel
715 2435 788 2470 contra,
