1631 2703
106 129 133 178 58
359 137 519 168 eovsnrunoves

104 215 156 253 circa
166 225 235 253 cursus
248 214 272 252 de
281 214 392 264 provinciis,
400 215 424 253 de
436 214 509 265 quibus
518 213 718 267 tuerint.(l²ol;.18a),
735 225 781 264 pro,-

103 284 170 322 videre
184 283 241 322 saciat
257 285 277 323 in
293 285 392 334 expensis.
406 287 438 323 28.
454 284 502 322 Item
514 284 598 324 dicimus
610 285 634 323 de
646 284 745 335 magistris
757 277 777 322 ih

105 354 230 404 generalibus
240 354 309 392 studiis
318 354 424 404 assignatis
434 354 458 392 de
470 354 576 403 provinciis
588 354 607 392 in
617 355 691 404 quibus
700 355 777 404 legunt.

105 425 151 462 ltem
164 423 219 473 quod
227 423 347 473 quicumque
359 423 482 463 bachalarius
491 423 602 463 Sententias
619 424 688 473 legerit
702 424 722 462 in
731 435 779 473 qua-

105 505 192 543 cumque
204 493 331 532 universitate
349 505 401 532 anno
413 493 505 543 proximo
518 493 610 543 sequenti
622 493 642 532 in
657 494 727 532 eodem
739 498 779 532 stu·

106 563 139 602 dio
152 568 203 601 stare
218 567 322 602 censeatur
333 568 352 602 et
365 563 430 613 legere
442 563 527 612 aliquem
541 563 572 601 vel
586 563 662 612 aliquos
679 563 739 602 libros
755 563 779 601 de

105 632 229 682 philosophia
241 633 324 671 naturali
336 633 366 671 vel
378 633 454 681 morali,
466 638 484 671 et
498 631 534 671 sibi
546 633 672 682 provideatur
687 632 737 671 sicut
746 633 780 670 ba-

107 701 192 740 chalario
201 702 318 751 expectanti.
696 707 698 710 ⁴

124 773 166 822 '29.
182 771 229 809 ltem
242 771 348 809 statuimus
362 771 416 821 quod
428 770 547 821 cuicumque
559 772 655 821 magistro
669 771 689 809 in
703 771 781 809 theolo-

104 840 136 890 gia
144 845 184 878 tam
201 840 292 890 Parysius
304 852 364 889 quam
376 840 459 878 aliorum
472 841 584 879 studiorum
600 841 652 889 prior
665 840 731 879 localis
743 841 784 888 ira-=

104 912 154 948 trem
165 911 272 948 honestum
285 921 320 958 pro
332 910 386 948 socio
396 910 420 947 ad
428 921 484 948 suam
494 921 561 959 pacem
572 915 661 948 teneatur
672 910 778 958 assignare.

104 989 138 1029 30.
154 980 201 1017 ltem
211 978 342 1027 praecipiendo
354 979 576 1018 mandamusomnibus
591 979 689 1028 prioribus
700 977 780 1029 provin-

105 1047 187 1086 cialibus
210 1052 229 1085 et
243 1048 338 1086 localibus
353 1052 371 1085 et
386 1048 454 1086 ceteris
468 1049 561 1087 iratribus
576 1048 721 1097 cujuscumque
737 1059 780 1097 gra-

105 1117 143 1154 dus
156 1116 228 1155 luerint
243 1116 297 1154 utin
316 1116 424 1155 reverentia
440 1117 493 1155 bona
505 1128 553 1155 suos
565 1117 649 1155 habeant
664 1116 778 1167 magistros,

105 1185 227 1224 bachalarios
237 1191 256 1224 et
267 1186 349 1224 lectores
359 1186 379 1224 in
392 1186 497 1236 theologia,
508 1186 580 1236 quibus
590 1186 697 1236 magistris,
712 1186 781 1225 bacha-

106 1254 165 1296 lariis,
178 1255 284 1293 lectoribus
293 1260 339 1294 actu
355 1255 473 1304 legentibus,
491 1255 556 1294 socios
565 1255 667 1305 assignare
676 1260 781 1294 teneantur

106 1324 131 1362 ad
140 1323 293 1363 minist-randum
306 1324 388 1362 eisdem.
398 1335 431 1375 31-
443 1325 489 1363 ltem
500 1324 606 1363 statuimus
618 1324 673 1374 quod
683 1324 779 1374 magistri,

105 1393 208 1431 bachalarii
220 1398 240 1431 et
249 1394 336 1432 lectores
356 1397 400 1432 actu
412 1394 499 1442 legentes
514 1405 593 1442 semper
607 1394 691 1443 primam
710 1400 780 1432 vocem

106 1463 191 1500 habeant
201 1467 247 1512 post
259 1463 352 1512 priorem,
367 1462 404 1501 nisi
417 1463 542 1512 subpriorem
557 1463 621 1500 vicem
634 1462 704 1511 prioris
715 1466 781 1500 tenere

107 1531 211 1581 contigerit
223 1532 253 1570 vel
268 1533 367 1581 supplere.
381 1533 407 1569 lta
419 1536 485 1569 tamen
501 1532 555 1580 quod
568 1532 584 1570 si
596 1532 699 1581 contingat
711 1543 783 1587 omnes¹

107 1601 156 1639 istos
171 1602 201 1639 vel
212 1601 289 1650 aliquos
301 1601 321 1639 in
337 1606 436 1639 conventu
449 1601 515 1650 aliquo
533 1601 593 1640 simul
611 1612 698 1644 manere,
717 1600 782 1645 senior

108 1670 204 1720 magister
215 1670 311 1719 praecedat
326 1670 345 1708 in
358 1682 406 1709 voce
417 1670 516 1719 juniorem
528 1676 547 1708 et
561 1662 644 1719 quilibet
661 1670 781 1709 bachalarius

108 1740 205 1789 praecedat
220 1751 369 1789 quemcumque
385 1741 477 1778 lectorem
494 1751 534 1778 non
552 1739 690 1779 bachalarium.
709 1751 747 1790 52.ἶ
761 1741 785 1784 ln,

108 1809 181 1847 virtute
198 1815 270 1847 sanctae
280 1809 398 1846 obedientiae
407 1809 520 1847 inhibemus
540 1820 564 1846 ne
576 1810 646 1857 aliquis
661 1809 782 1847 bachalarius

109 1879 201 1927 impetret
213 1890 248 1927 per
261 1890 282 1916 se
295 1879 325 1916 vel
338 1890 373 1927 per
387 1878 447 1917 alium
460 1878 533 1916 litteras
545 1879 575 1916 vel
587 1889 655 1928 preces
666 1878 721 1927 quod
733 1877 783 1916 anti-

109 1947 199 1996 quiorem
212 1958 233 1985 se
247 1948 267 1985 in
283 1948 414 1985 bachalariatu
431 1948 527 1996 praecedat
536 1948 555 1985 in
574 1947 695 1996 magisterio,
709 1947 746 1985 nisi
758 1948 782 1985 de

108 2027 192 2055 assensu
201 2017 279 2065 capituli
293 2016 390 2066 generalis
402 2017 432 2054 vel
442 2016 513 2065 prioris
525 2016 630 2065 generalis,
641 2015 721 2065 quodsi
733 2017 783 2054 lece-

108 2086 133 2124 rit
141 2085 184 2135 ipso
197 2087 248 2124 tacto
260 2087 303 2124 loco
315 2090 334 2124 et
347 2096 394 2123 voce
403 2091 472 2124 careat⁴

124 2158 168 2205 33.
184 2156 231 2193 ltem
242 2155 356 2196 „statuimus
372 2155 424 2204 quod
443 2155 537 2200 discolas,
555 2154 633 2193 rixosus
646 2154 781 2200 autvictosns,

109 2230 143 2263 aut
154 2224 233 2263 aliunde
245 2230 343 2274 suspectae
352 2229 371 2262 et
381 2224 490 2263 inhonestae
502 2223 665 2270 conversationis,
680 2235 719 2261 non
738 2236 784 2273 pro-

110 2300 212 2332 moveatur
224 2295 248 2332 ad
261 2294 349 2332 studium
359 2305 394 2332 nec
409 2294 459 2331 intra
471 2305 527 2331 suam
540 2292 660 2343 provinciam
674 2304 709 2331 nec
721 2298 782 2338 extra,

110 2364 148 2402 sub
158 2375 216 2413 poena
226 2363 355 2412 depositionis
367 2362 391 2401 ab
403 2362 468 2416 officio
476 2368 517 2401 tam
530 2361 682 2412 provincialibus
694 2367 734 2400 tarn
747 2362 784 2400 dii-

110 2433 229 2481 finitoribus,
243 2433 259 2471 si
271 2433 345 2482 priores
356 2433 387 2470 vel
397 2433 479 2471 lectores
491 2433 570 2477 suerint,
584 2431 698 2481 infligenda.
741 2472 743 2474 ,
755 2429 758 2434 ’
783 2472 785 2474 ,
