1631 2703
83 95 118 135 166
247 131 249 135 Α
285 113 287 116 <
350 105 398 133 acm
413 105 473 133 cavia.

79 180 149 229 prioris
159 179 288 228 provincialis,
302 181 363 218 donec
372 180 424 229 prior
433 179 556 228 provincialis
572 178 647 217 noviter
656 176 745 225 eligatur.

79 249 114 286 Per
125 249 231 297 capitulum
250 251 338 298 generale
350 249 448 286 ordinetur
465 249 484 285 in
502 259 548 285 casu
560 258 599 295 quo
617 258 657 284 non
676 243 747 293 poterit

80 318 129 355 inira
138 318 259 367 provinciam
269 318 314 368 eligi
322 317 512 367 propterinstansde
521 316 632 365 propinquo
639 314 745 363 capitulum

81 388 178 436 generale.

107 456 178 493 Datum
201 456 257 494 Meris
271 457 291 494 in
309 462 377 494 nostro
389 455 472 504 capitulo
486 454 578 503 generali,
593 454 650 491 Anno
668 449 746 489 Domini

82 524 218 562 MCCCXLVlll
230 525 249 562 in
262 527 311 563 sesto
320 526 444 562 Pentecostes
453 524 554 561 celebrato.
578 525 580 527 '

89 815 96 836 ·.
110 801 156 838 isne
175 810 223 837 suus
241 801 403 838 Consanuuoues
421 809 486 836 FACTAE
509 809 525 836 ni
545 798 641 836 CnPlTULo
653 798 749 836 Gevnnau

83 879 100 906 ni
112 869 173 907 Festo
185 869 316 906 Pentecosaes
327 867 357 919 (ι)
368 878 419 905 anuo
432 868 500 905 boum
512 867 600 905 MCCCll
612 867 707 904 Tuoiosre
719 876 750 903 ce-

84 947 176 975 cennaco,

110 1054 129 1089 ln
141 1052 209 1100 primis
227 1052 246 1089 in
259 1053 334 1090 rubrica
351 1053 375 1089 de
392 1052 456 1090 officio
473 1052 543 1100 prioris
561 1052 683 1100 provincialis
700 1053 751 1089 inse-

85 1126 137 1158 ratur
148 1121 187 1158 sic:
200 1120 320 1158 Ordinamus
338 1126 357 1158 et
368 1122 461 1158 volumus
481 1126 560 1168 propter
573 1121 647 1157 bonum
660 1120 711 1168 pacis
732 1126 751 1157 et

85 1190 186 1227 utilitatem
196 1189 277 1233 ordinis,
287 1201 308 1226 ac
315 1190 404 1238 periculis
411 1189 504 1227 omnibus
514 1189 622 1233 obviantes,
635 1189 687 1237 quod
699 1189 751 1237 prior

86 1257 207 1305 provincialis
220 1258 325 1304 provinciae
336 1258 448 1301 Provinciae,
459 1257 492 1304 qui
505 1269 557 1294 nunc
569 1262 599 1294 est
610 1259 639 1295 vel
652 1269 687 1304 pro
702 1263 752 1294 tem-

86 1337 132 1374 pore
145 1325 199 1363 luerit
209 1326 261 1374 juret
269 1326 323 1374 quod
332 1324 386 1376 (nec)
398 1337 431 1374 per
444 1337 464 1363 se
474 1337 509 1363 nec
521 1337 554 1373 per
566 1324 613 1364 alios
634 1326 700 1363 iratres
711 1337 752 1363 suae

86 1395 190 1450 provinciae
203 1395 232 1431 vel
242 1395 290 1433 alios
300 1406 437 1442 quoscumque
450 1395 559 1438 saeculares,
575 1394 646 1432 directe
658 1396 687 1432 vel
705 1394 753 1431 indi-

86 1468 142 1508 recte,
157 1462 257 1501 manifeste
267 1464 296 1501 vel
305 1463 386 1509 occulte,
397 1474 418 1500 se
433 1467 519 1511 opponat
530 1447 671 1501 'constitutioni
681 1463 753 1500 Melen-

86 1533 109 1581 si,
119 1544 163 1581 quae
172 1532 259 1580 loquitur
270 1531 341 1570 etfacit
353 1532 473 1570 mentionem
483 1532 507 1569 de
518 1536 616 1571 conventu
629 1532 752 1570 Avenionen-

87 1602 110 1646 si,
121 1613 155 1639 seu
167 1601 324 1649 quibuscumque
334 1601 375 1638 aliis
387 1600 561 1638 constitutionibus
576 1602 691 1648 pi‘aedictum
707 1612 753 1638 con-

87 1676 167 1709 ventum
179 1671 314 1719 tangentibus,
326 1670 373 1719 quin
385 1669 497 1707 immediate
505 1669 617 1719 subjiciatur
627 1670 685 1719 priori
693 1681 752 1719 gene-

88 1740 121 1777 rali
132 1739 167 1776 &c
181 1739 234 1776 Sicut
245 1740 317 1776 ibidem
330 1739 418 1776 scribitur
430 1744 449 1776 et
462 1739 568 1780 ordinatur,
583 1739 620 1777 nisi
636 1740 684 1776 alius
701 1739 753 1787 prior

88 1808 183 1857 generalis
193 1808 209 1845 ei
221 1819 244 1845 ex
264 1819 320 1846 causa
333 1808 356 1845 de
368 1808 428 1857 gratia
445 1808 522 1856 speciali
535 1808 644 1845 concedent
664 1808 717 1845 aliter·
729 1809 752 1845 de

88 1877 194 1926 praemissis
205 1877 270 1914 utilius
285 1877 402 1920 iaciendum,
416 1877 478 1913 immo
490 1877 505 1913 si
526 1877 595 1924 aliquis
607 1888 627 1914 se
645 1882 753 1925 opponeret

88 1947 112 1983 ad
124 1945 238 1994 oppositum
250 1951 283 1983 aut
302 1946 357 1983 dictis
372 1945 652 1984 constitutionibusobviaret.
672 1946 751 1992 jurabit,

88 2016 143 2063 quod
155 2014 210 2051 dictis
232 2015 378 2063 opponentibus
390 2020 408 2052 et
428 2014 585 2062 oppositionibus
598 2026 633 2062 pro
652 2021 694 2052 toto
718 2027 754 2053 suo

89 2095 149 2133 posse
163 2082 244 2120 firmiter
256 2083 349 2121 obviabit.

115 2152 230 2190 Conventus
241 2157 305 2190 autem
319 2152 476 2201 possessionatos
489 2152 606 2190 remittimus
619 2153 656 2190 sub
674 2153 755 2201 disposi-

88 2221 141 2260 tione
154 2222 223 2270 prioris
235 2222 358 2270 provincialis
365 2221 469 2271 provincie
479 2221 583 2259 Provinciae
592 2227 610 2260 et
620 2222 703 2271 capitulo
713 2234 755 2271 pro-

112 2380 131 2422 (1l
142 2379 170 2412 die
183 2380 191 2412 5
205 2380 259 2414 lunii.
