1631 2703
301 104 381 133 nuenton
395 103 438 132 xxix
679 104 702 147 93

54 187 96 215 :rar
109 176 296 227 ltempraecipimus
312 177 331 215 in
343 177 414 216 virtute
429 182 501 217 sanctae
523 177 638 217 obedientiae
647 178 704 226 ,quod

33 246 103 291 >nullus
125 246 184 283 frater
197 256 221 283 ex
238 250 288 283 certa
305 245 385 296 scientia
401 246 473 285 litteras
488 247 631 296 cujuscumque
640 246 704 284 fratris

36 313 109 362 aperiat
119 315 152 352 vel
161 314 251 360 retineat,
261 315 315 363 quod
325 314 340 353 si
353 314 417 354 lecerit
429 327 462 363 per
474 315 491 353 V
502 315 544 353 dies
553 326 617 364 poenae
629 315 704 365 gravio-

37 383 63 421 ris
72 383 133 432 culpae
144 383 199 422 illum
208 384 303 422 volumus
314 384 421 433 subjacere.
430 384 449 422 Si
456 389 521 422 autem
530 384 602 423 litteras
617 396 627 422 a
640 384 703 433 priore

37 452 122 500 generali
132 452 202 491 missas
211 453 242 491 vel
254 452 374 501 provinciali,
385 452 422 490 nisi
431 453 468 490 sibi
480 453 588 495 mittantur,
599 453 702 502 aperuerit,

36 522 67 558 vel
80 521 185 570 retinuerit,
195 533 230 560 seu
248 522 345 566 celaverit,
356 532 425 560 vocem
438 526 456 559 et
470 522 536 559 locum
548 521 624 559 amittat
634 527 654 559 et
664 533 705 559 car—

36 589 73 628 ceri
85 590 213 640 mancipetur.
227 590 469 642 ¹3·5121111ffl¹1⁵¹'¹¹⁵¹¹t>⁸r³
481 590 534 639 quod
547 595 654 640 tempuset
669 602 705 629 au-

36 658 115 697 ctoritas
125 669 297 709 quarumcumque
311 659 430 704 litterarum,
444 670 489 708 quae
505 663 579 697 certum
595 659 703 697 terminum

35 727 171 776 continebunt,
182 739 222 776 non
238 740 249 766 a
265 728 416 777 praesentatione
427 740 501 773 earum,
517 728 551 766 sed
566 728 631 770 adata
650 740 704 772 com-

36 801 136 846 putentur.
387 803 389 806 ’

48 924 108 963 Runa
123 924 187 963 ltlllll.
200 925 227 963 De
239 934 326 964 connum
337 934 429 964 cusroon
441 935 464 963 er
475 934 567 964 corraons
576 935 687 964 aanorvors

65 1026 197 1079 1.Sratuimus
212 1041 265 1089 quod
288 1041 308 1079 in
324 1038 415 1100 quolibet
432 1045 531 1079 conventu
549 1037 642 1079 habeatur
659 1052 702 1078 arca

35 1108 94 1147 trium
104 1109 195 1154 clavium,
209 1114 293 1158 quarum
305 1121 364 1147 unam
376 1098 441 1147 teneat
451 1109 504 1158 prior
519 1115 636 1157 conventus,
656 1109 703 1147 alias

35 1177 84 1216 duas
98 1182 177 1216 teneant
185 1178 225 1216 duo
237 1178 273 1216 irat
265 1182 304 1216 tres
316 1177 403 1216 seniores
415 1178 464 1216 inter
477 1182 516 1216 tres
528 1179 599 1216 electos
614 1178 704 1216 consilia-

35 1246 81 1294 rios,
94 1247 124 1285 vel
143 1247 234 1286 custodes
245 1247 270 1285 ad
281 1247 318 1286 hoc
330 1247 384 1285 electi
402 1236 436 1296 per
444 1252 573 1292 conventum,
588 1252 607 1285 et
622 1239 643 1284 in
659 1238 703 1284 arca

35 1307 117 1370 sitliber
125 1311 155 1354 vel
168 1316 254 1366 papirus,
268 1316 288 1355 in
303 1327 343 1366 quo
355 1316 375 1354 in
389 1316 491 1365 praesentia
511 1316 581 1365 prioris
595 1317 625 1355 vel
642 1316 702 1354 dicto·

35 1396 78 1438 rum
101 1386 182 1424 fratrum
192 1385 302 1424 scribantur
313 1390 389 1435 recepta
401 1389 420 1423 ct
429 1396 515 1434 expensa
526 1376 578 1423 illius
592 1390 702 1423 conventus

35 1454 54 1492 in
71 1449 156 1503 qualibet
167 1454 283 1509 septimana,
298 1441 322 1493 ad
334 1444 583 1508 memori-amrecepto'rum
593 1459 612 1492 et
623 1465 700 1499 eorum,

34 1523 133 1575 quinobis
144 1523 188 1562 talia
203 1520 336 1562 contulerunt.
352 1535 372 1562 2.
390 1524 412 1562 Et
426 1523 446 1562 in
461 1524 530 1562 eodem
546 1513 596 1562 libro
611 1534 701 1561 seorsum

34 1590 143 1630 scribantur
154 1592 221 1647 omnia
242 1592 267 1630 ad
277 1592 385 1631 sacristiam
396 1579 513 1641 pertinentia
523 1596 541 1629 et
552 1592 576 1630 ad
587 1592 700 1641 dispensam

34 1661 65 1698 vel
83 1660 108 1698 ad
119 1660 167 1699 alios
182 1672 231 1699 usus
248 1657 365 1716 communes
386 1660 506 1706 notabiliora,
520 1665 538 1698 et
555 1660 571 1698 si
587 1660 701 1710 hujusmodi

34 1733 162 1778 augmentant
164 1741 186 1768 ur
197 1730 227 1786 vel
236 1729 392 1774 diminuantur,
387 1735 474 1768 inserant
475 1741 498 1767 ur
506 1737 600 1778 augment
601 1742 612 1767 a
593 1734 640 1767 tet
652 1730 702 1767 dele-

33 1803 68 1836 ant
70 1809 92 1851 ur
60 1798 206 1843 tdiminuta‚
217 1804 236 1836 et
244 1798 398 1838 scribantursub
406 1810 446 1859 quo
456 1799 555 1848 dispensat
556 1810 589 1836 ore
599 1799 628 1837 vel
638 1799 701 1854 priore

34 1867 148 1921 hujusmodi
163 1872 270 1917 augmenta
278 1853 309 1906 vel
317 1867 408 1905 diminut
394 1872 458 1906 tiones
469 1867 579 1914 acciderint,
593 1867 630 1905 sub
642 1878 701 1915 poena

34 1935 192 1991 inobedientibus
208 1936 320 1985 infligenda.
333 1948 353 1987 3.
365 1936 462 1974 Priort
429 1941 462 1974 aut
463 1948 495 1974 em
506 1936 602 1985 generalis
611 1936 642 1974 vel
659 1936 701 1985 ejus

34 2004 124 2048 vicarius,
140 2009 159 2059 et
171 1991 283 2054 procurator
294 2005 398 2054 generalis,
411 2004 427 2042 si
433 2005 505 2042 ibidem
512 2015 598 2053 praesens
608 2004 672 2048 luerit,
680 2004 701 2041 in

34 2072 137 2120 praesentia
148 2073 226 2122 capituli
237 2074 332 2122 generalis
347 2074 371 2111 de
385 2074 468 2122 receptis
485 2078 504 2111 et
518 2074 609 2122 expensis
621 2084 656 2122 pro
669 2083 701 2109 ne-

33 2142 93 2195 gotiis
102 2142 176 2180 ordinis
178 2143 309 2199 exequendis
317 2143 399 2180 reddant
407 2143 456 2190 (Fol.
465 2141 511 2193 31a)
523 2142 624 2180 calculit
597 2147 624 2180 rat
626 2142 698 2179 ionem.

34 2210 115 2264 41de
130 2211 200 2267 iaciant
193 2210 284 2268 tpriores
296 2197 443 2272 provinciales
439 2222 458 2248 m
477 2210 565 2259 capitulis
579 2209 701 2274 provinciali·
737 2218 739 2221 ·

33 2279 78 2326 bus,
92 2283 110 2316 et
119 2280 193 2327 priores
205 2280 275 2317 locales
286 2291 308 2317 ac
319 2268 410 2318 custodes
422 2271 555 2323 conventuum
567 2278 587 2316 in
599 2278 641 2316 suis
650 2277 701 2325 capi-

32 2346 80 2385 tulis
99 2348 269 2392 conventualibus,
290 2336 309 2386 et
330 2341 498 2397 procuratoresv
486 2347 517 2385 vel
533 2346 640 2385 terminarii
659 2346 700 2383 sive
