1631 2703
288 103 315 155 a.
332 127 350 156 n.
370 116 487 169 1259-1362.
665 110 713 162 ⁴207

42 228 44 233 ,
57 199 58 202 ’
70 199 129 236 Anno
141 199 219 238 Domini
235 211 283 250 1324
295 200 331 239 tuit
343 201 450 250 capitulum
463 199 553 249 generale
565 201 682 239 celebratum
693 201 712 238 in

44 267 141 315 provincia
152 268 271 306 Cathaloniae
280 270 300 307 in
313 275 410 308 conventu
420 270 548 307 Barchinonae
557 269 576 306 in
590 271 638 307 festo
648 270 715 307 Pente-

43 340 107 374 costes
117 337 211 385 magistro
219 337 308 383 Jolranne
317 337 340 374 de
353 338 417 375 Alerio
429 338 493 385 priore
501 337 593 386 generali.
608 338 627 374 ln
637 349 677 386 quo
684 350 715 375 ca-

44 404 105 452 pitulo
116 406 194 443 luerunt
207 406 262 455 plura
271 407 366 452 ordinata,
377 406 485 455 specialiter
494 407 518 443 de
530 406 632 444 communi
646 412 714 444 custo-

43 473 73 509 dia
86 480 104 511 et
112 474 210 522 compotis
223 474 334 512 reddendis.

71 543 130 580 Anno
142 543 220 580 Domini
236 554 283 592 1327
294 543 330 581 luit
341 543 449 591 capitulum
462 543 551 591 generale
561 543 679 580 celebratum
692 544 710 581 in

44 611 142 659 provincia
154 612 265 660 Aquitaniae
277 612 295 648 in
306 618 405 649 conventu
418 611 480 648 Albiae
489 612 508 648 in
518 612 568 648 testo
589 612 713 650 Pentecostes

45 679 137 728 magistro
146 680 234 726 johanne
244 680 267 717 de
276 680 341 717 Alerio
354 681 416 728 priore
426 680 519 728 generali,
532 680 551 716 ln
565 691 605 728 quo
628 680 713 728 capitulo

44 748 99 795 plura
128 749 206 786 fuerunt
237 749 331 794 ordinatu,
353 748 462 797 specialiter
495 748 548 797 quod
572 749 637 786 nullus
662 749 714 797 prior

43 816 113 853 audeat
125 827 197 854 vanum
211 827 261 864 opus
271 818 300 853 vel
308 816 392 853 maxime
402 821 544 864 sumptuosum
567 816 651 865 incipere
671 817 712 854 sine

41 884 120 921 licentia
129 883 226 932 generalis
238 885 268 922 vel
277 884 407 933 provincialis.

70 954 129 990 Anno
140 953 218 990 Domini
232 964 281 1003 1330
290 953 327 991 fuit
336 953 443 1001 capitulum
455 953 545 1001 generale
556 954 673 990 celebramur
692 953 712 992 in

42 1021 94 1058 -lesto
105 1021 228 1059 Pentecostes
238 1021 256 1058 in
266 1020 365 1069 provincia
376 1021 461 1059 Franciae
472 1021 491 1058 in
501 1020 625 1065 Valencenis,
646 1026 665 1058 et
687 1021 712 1058 ibi

44 1090 162 1126 electussuit
171 1090 223 1138 prior
231 1089 327 1138 generalis
335 1089 427 1137 Magister
434 1090 563 1131 iraterPetrus
573 1090 596 1127 de
609 1090 664 1133 Casa,
678 1090 713 1127 do-

44 1165 86 1194 ctor
97 1156 127 1207 (r)
139 1158 257 1205 parisiensis,
265 1158 353 1204 johanne
362 1158 386 1194 de
399 1157 464 1195 Alerio
473 1161 544 1206 sponte
561 1158 680 1206 resignante.
693 1159 712 1195 lu

45 1225 85 1274 quo
96 1226 180 1274 capitulo
194 1228 274 1264 suerunt
288 1228 343 1275 plura
352 1226 448 1269 ordinata,
457 1225 564 1274 specialiter
576 1226 629 1274 quod
649 1216 712 1263 corre-

44 1294 119 1332 ctiones
133 1295 202 1332 fierent
211 1294 231 1331 in
243 1295 311 1332 ordine
321 1295 432 1332 secundum
440 1294 536 1342 justitiam
549 1299 567 1332 et
579 1295 652 1332 bonam
666 1307 713 1332 con-

44 1362 145 1400 scientiam
156 1367 232 1401 semoto
245 1363 299 1401 omni
312 1374 405 1412 processu
418 1362 465 1410 iuris
475 1362 570 1412 litigioso.

70 1432 129 1469 Anno
142 1431 220 1469 Domini
240 1443 287 1482 ¹333
300 1431 337 1470 fuit
348 1432 455 1480 capitulum
471 1432 561 1480 generale
578 1432 598 1468 in
611 1433 711 1480 provincia

44 1500 140 1538 Narbonae
149 1500 169 1537 in
184 1504 283 1538 conventu
295 1500 388 1537 Nemausi
401 1500 419 1537 in
432 1500 545 1545 Pentecoste
557 1500 613 1537 Petro
625 1500 649 1537 de
661 1500 712 1538 Casa

43 1569 133 1616 generali,
145 1573 163 1606 et
175 1569 211 1606 luit
222 1569 277 1606 valde
289 1568 378 1606 solemne
389 1568 433 1616 quin
443 1569 521 1605 luerunt
533 1567 558 1604 ibi
571 1568 627 1606 multi
637 1568 672 1606 viri
682 1580 713 1606 so-

41 1637 125 1681 lemnes,
138 1636 225 1674 videlicet
237 1637 302 1684 plures
316 1636 402 1684 episcopi
414 1635 488 1673 ordinis
501 1635 562 1673 nostri
575 1641 593 1672 et
606 1637 711 1684 quamplu-

44 1716 74 1743 res
86 1705 174 1753 magistri
187 1705 206 1742 in
218 1704 402 1753 theologtanecnon
415 1704 494 1752 copiosa
505 1704 611 1742 multitudo
621 1705 711 1750 fratrum,

44 1774 161 1821 fueruntque
181 1773 295 1811 solemniter
311 1772 396 1821 suscepti
413 1783 446 1821 per
464 1772 572 1810 Dominum
593 1771 710 1821 episcopum

42 1842 228 1880 Nemausensemet
249 1841 340 1879 consules
351 1840 407 1878 dictae
419 1840 507 1885 civitatis,
524 1841 603 1879 luerunt
615 1852 649 1890 per
668 1853 712 1879 eos-

43 1911 88 1948 dem
100 1910 177 1948 abunde
189 1910 293 1954 refocillari,
317 1910 431 1958 duravitque
441 1910 548 1958 capitulum
560 1910 627 1947 decem
640 1910 709 1948 diebus

44 1979 175 2017 mediantibus
189 1978 288 2016 nobilibus
297 1983 316 2016 et
329 1978 378 2025 (Fol.
392 1977 440 2026 bob)
454 1978 586 2028 burgensibus
601 1978 635 2027 qui
646 1990 711 2016 neces-

42 2048 90 2085 saria
100 2052 170 2096 sponte
180 2047 323 2084 ministrabant.
337 2047 355 2083 ln
367 2048 404 2084 hoc
413 2047 498 2095 capitulo
506 2048 584 2084 fuerunt
592 2048 646 2096 plura
659 2048 710 2085 ordi·

43 2122 94 2164 nata,
107 2116 214 2164 specialiter
225 2116 279 2163 quod
292 2116 346 2153 liceat
362 2116 439 2153 cuilibet
453 2116 504 2153 lratri
516 2116 578 2153 nostri
599 2115 672 2153 ordinis
686 2117 694 2152 l
704 2138 711 2143 -

41 2197 83 2223 cere
92 2196 166 2223 annum
174 2184 242 2234 Jubilei
254 2184 269 2221 si
279 2184 353 2221 steterit
362 2184 381 2221 in
390 2184 457 2221 ordine
470 2184 562 2222 continue
575 2196 609 2233 per
618 2184 631 2221 L
646 2195 710 2222 annos

42 2254 83 2293 sine
94 2254 175 2292 crimine
184 2258 203 2291 et
211 2253 309 2290 scandalo.

65 2397 84 2439 (1)
96 2397 114 2429 S.
123 2394 183 2428 addit:
191 2394 209 2427 in
218 2404 267 2426 sacra
274 2392 344 2436 pagina.
