<?xml version="1.0" encoding="UTF-8"?>
<!DOCTYPE html PUBLIC "-//W3C//DTD XHTML 1.0 Transitional//EN"
    "http://www.w3.org/TR/xhtml1/DTD/xhtml1-transitional.dtd">
<html xmlns="http://www.w3.org/1999/xhtml" xml:lang="en" lang="en">
 <head>
  <title>
</title>
<meta http-equiv="Content-Type" content="text/html;charset=utf-8" />
  <meta name='ocr-system' content='tesseract 3.04.00' />
  <meta name='ocr-capabilities' content='ocr_page ocr_carea ocr_par ocr_line ocrx_word'/>
</head>
<body>
  <div class='ocr_page' id='page_1' title='image "MN5087ucmf_2_0277.png"; bbox 0 0 1616 2703; ppageno 0'>
   <div class='ocr_carea' id='block_1_1' title="bbox 262 103 707 152">
    <p class='ocr_par' dir='ltr' id='par_1_1' title="bbox 262 103 707 152">
     <span class='ocr_line' id='line_1_1' title="bbox 262 103 707 152; baseline 0 0"><span class='ocrx_word' id='word_1_1' title='bbox 262 123 346 152; x_wconf 78' lang='grc'>1111011111</span> <span class='ocrx_word' id='word_1_2' title='bbox 358 123 478 152; x_wconf 76' lang='lat' dir='ltr'>eeuaaauun</span> <span class='ocrx_word' id='word_1_3' title='bbox 578 103 581 106; x_wconf 52' lang='grc'>’</span> <span class='ocrx_word' id='word_1_4' title='bbox 669 111 707 152; x_wconf 80' lang='lat'>261</span> 
     </span>
    </p>
   </div>
   <div class='ocr_carea' id='block_1_2' title="bbox 29 198 710 1364">
    <p class='ocr_par' dir='ltr' id='par_1_2' title="bbox 32 198 710 669">
     <span class='ocr_line' id='line_1_2' title="bbox 32 198 710 249; baseline -0.001 -10"><span class='ocrx_word' id='word_1_5' title='bbox 32 199 79 239; x_wconf 91' lang='lat' dir='ltr'>oiim</span> <span class='ocrx_word' id='word_1_6' title='bbox 92 198 112 237; x_wconf 95' lang='lat' dir='ltr'>in</span> <span class='ocrx_word' id='word_1_7' title='bbox 134 198 193 238; x_wconf 88' lang='lat' dir='ltr'>Curia</span> <span class='ocrx_word' id='word_1_8' title='bbox 209 199 300 237; x_wconf 87' lang='lat' dir='ltr'>Romana</span> <span class='ocrx_word' id='word_1_9' title='bbox 315 198 395 238; x_wconf 82' lang='lat' dir='ltr'>Ordinis</span> <span class='ocrx_word' id='word_1_10' title='bbox 415 203 530 249; x_wconf 85' lang='lat' dir='ltr'>procurator</span> <span class='ocrx_word' id='word_1_11' title='bbox 542 199 647 248; x_wconf 81' lang='lat' dir='ltr'>generalis.</span> <span class='ocrx_word' id='word_1_12' title='bbox 667 200 710 238; x_wconf 84' lang='lat' dir='ltr'>An-</span> 
     </span>
     <span class='ocr_line' id='line_1_3' title="bbox 32 268 708 319; baseline 0.001 -12"><span class='ocrx_word' id='word_1_13' title='bbox 32 268 91 319; x_wconf 82' lang='lat' dir='ltr'>giiam</span> <span class='ocrx_word' id='word_1_14' title='bbox 104 268 190 308; x_wconf 88' lang='lat' dir='ltr'>visitavit</span> <span class='ocrx_word' id='word_1_15' title='bbox 205 269 263 308; x_wconf 71' lang='lat' dir='ltr'>at).</span> <span class='ocrx_word' id='word_1_16' title='bbox 278 280 327 318; x_wconf 74' lang='lat'>¹504</span> <span class='ocrx_word' id='word_1_17' title='bbox 341 281 386 308; x_wconf 85' lang='lat' dir='ltr'>cum</span> <span class='ocrx_word' id='word_1_18' title='bbox 405 268 505 318; x_wconf 77' lang='lat' dir='ltr'><strong>magistris</strong></span> <span class='ocrx_word' id='word_1_19' title='bbox 514 268 612 307; x_wconf 89' lang='lat' dir='ltr'>Bernardo</span> <span class='ocrx_word' id='word_1_20' title='bbox 623 269 648 307; x_wconf 88' lang='lat' dir='ltr'>de</span> <span class='ocrx_word' id='word_1_21' title='bbox 659 269 708 308; x_wconf 91' lang='lat' dir='ltr'>Casa</span> 
     </span>
     <span class='ocr_line' id='line_1_4' title="bbox 33 338 708 388; baseline 0 -10"><span class='ocrx_word' id='word_1_22' title='bbox 33 338 100 388; x_wconf 76' lang='lat' dir='ltr'>Maiori</span> <span class='ocrx_word' id='word_1_23' title='bbox 109 342 129 377; x_wconf 89' lang='lat' dir='ltr'>et</span> <span class='ocrx_word' id='word_1_24' title='bbox 138 339 250 377; x_wconf 81' lang='lat' dir='ltr'>Alexandro</span> <span class='ocrx_word' id='word_1_25' title='bbox 263 339 287 377; x_wconf 88' lang='lat' dir='ltr'>de</span> <span class='ocrx_word' id='word_1_26' title='bbox 296 339 390 379; x_wconf 84' lang='lat' dir='ltr'>Venetiis.</span> <span class='ocrx_word' id='word_1_27' title='bbox 404 339 426 377; x_wconf 83' lang='lat' dir='ltr'>Bt</span> <span class='ocrx_word' id='word_1_28' title='bbox 436 339 484 377; x_wconf 89' lang='lat' dir='ltr'>obiit</span> <span class='ocrx_word' id='word_1_29' title='bbox 493 339 573 377; x_wconf 88' lang='lat' dir='ltr'>tandem</span> <span class='ocrx_word' id='word_1_30' title='bbox 582 338 601 377; x_wconf 93' lang='lat' dir='ltr'>in</span> <span class='ocrx_word' id='word_1_31' title='bbox 608 344 708 378; x_wconf 88' lang='lat' dir='ltr'>conventu</span> 
     </span>
     <span class='ocr_line' id='line_1_5' title="bbox 32 408 707 459; baseline 0.001 -12"><span class='ocrx_word' id='word_1_32' title='bbox 32 408 162 458; x_wconf 88' lang='lat' dir='ltr'>Neapolitano</span> <span class='ocrx_word' id='word_1_33' title='bbox 181 409 205 448; x_wconf 87' lang='grc' dir='ltr'>Α.</span> <span class='ocrx_word' id='word_1_34' title='bbox 219 409 242 447; x_wconf 90' lang='lat' dir='ltr'>D.</span> <span class='ocrx_word' id='word_1_35' title='bbox 261 420 310 459; x_wconf 78' lang='lat'>¹5¹2</span> <span class='ocrx_word' id='word_1_36' title='bbox 329 414 374 458; x_wconf 88' lang='lat' dir='ltr'>post</span> <span class='ocrx_word' id='word_1_37' title='bbox 386 421 459 447; x_wconf 87' lang='lat' dir='ltr'>novem</span> <span class='ocrx_word' id='word_1_38' title='bbox 477 420 540 447; x_wconf 91' lang='lat' dir='ltr'>annos</span> <span class='ocrx_word' id='word_1_39' title='bbox 552 409 583 447; x_wconf 92' lang='lat' dir='ltr'>sui</span> <span class='ocrx_word' id='word_1_40' title='bbox 597 408 707 459; x_wconf 85' lang='lat' dir='ltr'>regiminis.</span> 
     </span>
     <span class='ocr_line' id='line_1_6' title="bbox 32 478 709 528; baseline 0 -11"><span class='ocrx_word' id='word_1_41' title='bbox 32 478 144 517; x_wconf 89' lang='lat' dir='ltr'>Secundum</span> <span class='ocrx_word' id='word_1_42' title='bbox 159 478 239 517; x_wconf 80' lang='lat' dir='ltr'>Ordinis</span> <span class='ocrx_word' id='word_1_43' title='bbox 251 483 324 518; x_wconf 87' lang='lat' dir='ltr'>statuta</span> <span class='ocrx_word' id='word_1_44' title='bbox 339 479 423 518; x_wconf 87' lang='lat' dir='ltr'>vicarius</span> <span class='ocrx_word' id='word_1_45' title='bbox 436 478 472 517; x_wconf 84' lang='lat' dir='ltr'>ruit</span> <span class='ocrx_word' id='word_1_46' title='bbox 485 478 609 528; x_wconf 84' lang='lat' dir='ltr'>provincialis</span> <span class='ocrx_word' id='word_1_47' title='bbox 618 478 709 517; x_wconf 86' lang='lat' dir='ltr'>Cathalo-</span> 
     </span>
     <span class='ocr_line' id='line_1_7' title="bbox 32 547 709 597; baseline 0 -10"><span class='ocrx_word' id='word_1_48' title='bbox 32 548 76 593; x_wconf 82' lang='lat' dir='ltr'>niae,</span> <span class='ocrx_word' id='word_1_49' title='bbox 88 559 122 597; x_wconf 90' lang='lat' dir='ltr'>per</span> <span class='ocrx_word' id='word_1_50' title='bbox 138 547 244 587; x_wconf 88' lang='lat' dir='ltr'>Summum</span> <span class='ocrx_word' id='word_1_51' title='bbox 260 548 374 587; x_wconf 80' lang='lat' dir='ltr'>Pontificem</span> <span class='ocrx_word' id='word_1_52' title='bbox 386 548 470 587; x_wconf 85' lang='lat' dir='ltr'>vicarius</span> <span class='ocrx_word' id='word_1_53' title='bbox 490 548 621 587; x_wconf 90' lang='lat' dir='ltr'>Bernardinus</span> <span class='ocrx_word' id='word_1_54' title='bbox 639 547 709 587; x_wconf 75' lang='grc'>11181-</span> 
     </span>
     <span class='ocr_line' id='line_1_8' title="bbox 32 616 114 669; baseline -0.024 -11"><span class='ocrx_word' id='word_1_55' title='bbox 32 618 70 658; x_wconf 90' lang='lat' dir='ltr'>nis.</span> <span class='ocrx_word' id='word_1_56' title='bbox 83 616 114 669; x_wconf 95' lang='grc'>(1)</span> 
     </span>
    </p>

    <p class='ocr_par' dir='ltr' id='par_1_3' title="bbox 29 687 708 1364">
     <span class='ocr_line' id='line_1_9' title="bbox 57 687 708 739; baseline 0.002 -14"><span class='ocrx_word' id='word_1_57' title='bbox 57 699 91 739; x_wconf 85' lang='lat'>29.</span> <span class='ocrx_word' id='word_1_58' title='bbox 99 687 185 736; x_wconf 83' lang='lat' dir='ltr'>Baptista</span> <span class='ocrx_word' id='word_1_59' title='bbox 194 687 312 738; x_wconf 62' lang='lat' dir='ltr'>Spargnoius</span> <span class='ocrx_word' id='word_1_60' title='bbox 326 689 453 733; x_wconf 80' lang='lat' dir='ltr'>Mantuanus,</span> <span class='ocrx_word' id='word_1_61' title='bbox 467 689 525 727; x_wconf 88' lang='lat' dir='ltr'>italus</span> <span class='ocrx_word' id='word_1_62' title='bbox 538 687 623 733; x_wconf 87' lang='lat' dir='ltr'>natione,</span> <span class='ocrx_word' id='word_1_63' title='bbox 638 687 708 726; x_wconf 86' lang='lat' dir='ltr'>doctor</span> 
     </span>
     <span class='ocr_line' id='line_1_10' title="bbox 31 757 708 809; baseline 0 -13"><span class='ocrx_word' id='word_1_64' title='bbox 31 757 161 797; x_wconf 85' lang='lat' dir='ltr'>Bononiensis</span> <span class='ocrx_word' id='word_1_65' title='bbox 173 758 329 808; x_wconf 84' lang='lat' dir='ltr'>insignissimus,</span> <span class='ocrx_word' id='word_1_66' title='bbox 343 759 456 809; x_wconf 82' lang='lat' dir='ltr'>theologus,</span> <span class='ocrx_word' id='word_1_67' title='bbox 473 758 611 808; x_wconf 77' lang='lat' dir='ltr'>philosophus,</span> <span class='ocrx_word' id='word_1_68' title='bbox 624 758 708 796; x_wconf 85' lang='lat' dir='ltr'>astrolo-</span> 
     </span>
     <span class='ocr_line' id='line_1_11' title="bbox 30 827 707 878; baseline 0.001 -12"><span class='ocrx_word' id='word_1_69' title='bbox 30 839 76 878; x_wconf 82' lang='lat' dir='ltr'>gus,</span> <span class='ocrx_word' id='word_1_70' title='bbox 87 828 153 866; x_wconf 81' lang='lat' dir='ltr'>rhetor</span> <span class='ocrx_word' id='word_1_71' title='bbox 161 831 181 865; x_wconf 93' lang='lat' dir='ltr'>et</span> <span class='ocrx_word' id='word_1_72' title='bbox 189 834 246 877; x_wconf 84' lang='lat' dir='ltr'>poeta</span> <span class='ocrx_word' id='word_1_73' title='bbox 256 828 401 873; x_wconf 79' lang='lat' dir='ltr'>celeberrimus,</span> <span class='ocrx_word' id='word_1_74' title='bbox 416 840 493 878; x_wconf 77' lang='lat' dir='ltr'>graecae,</span> <span class='ocrx_word' id='word_1_75' title='bbox 507 829 571 867; x_wconf 88' lang='lat' dir='ltr'>latinae</span> <span class='ocrx_word' id='word_1_76' title='bbox 581 832 600 865; x_wconf 90' lang='lat' dir='ltr'>et</span> <span class='ocrx_word' id='word_1_77' title='bbox 612 827 707 867; x_wconf 83' lang='lat' dir='ltr'>hebraicae</span> 
     </span>
     <span class='ocr_line' id='line_1_12' title="bbox 29 896 708 949; baseline 0.001 -14"><span class='ocrx_word' id='word_1_78' title='bbox 29 896 121 949; x_wconf 84' lang='lat' dir='ltr'>(linguae)</span> <span class='ocrx_word' id='word_1_79' title='bbox 127 897 265 946; x_wconf 85' lang='lat' dir='ltr'>peritissimus,</span> <span class='ocrx_word' id='word_1_80' title='bbox 275 898 358 936; x_wconf 83' lang='lat' dir='ltr'>vicarius</span> <span class='ocrx_word' id='word_1_81' title='bbox 368 898 500 937; x_wconf 87' lang='lat' dir='ltr'>observantiae</span> <span class='ocrx_word' id='word_1_82' title='bbox 506 909 566 947; x_wconf 86' lang='lat' dir='ltr'>super</span> <span class='ocrx_word' id='word_1_83' title='bbox 572 897 708 947; x_wconf 83' lang='lat' dir='ltr'>congregatio-</span> 
     </span>
     <span class='ocr_line' id='line_1_13' title="bbox 31 967 705 1017; baseline -0.001 -12"><span class='ocrx_word' id='word_1_84' title='bbox 31 979 77 1005; x_wconf 88' lang='lat' dir='ltr'>nem</span> <span class='ocrx_word' id='word_1_85' title='bbox 90 967 174 1005; x_wconf 78' lang='lat' dir='ltr'>italicam</span> <span class='ocrx_word' id='word_1_86' title='bbox 187 968 224 1016; x_wconf 81' lang='lat'>(2),</span> <span class='ocrx_word' id='word_1_87' title='bbox 239 972 284 1005; x_wconf 90' lang='lat' dir='ltr'>ante</span> <span class='ocrx_word' id='word_1_88' title='bbox 297 968 320 1006; x_wconf 89' lang='grc' dir='ltr'>Α.</span> <span class='ocrx_word' id='word_1_89' title='bbox 334 968 357 1006; x_wconf 88' lang='lat' dir='ltr'>D.</span> <span class='ocrx_word' id='word_1_90' title='bbox 375 970 423 1017; x_wconf 81' lang='lat'>1482</span> <span class='ocrx_word' id='word_1_91' title='bbox 434 970 495 1006; x_wconf 79' lang='lat' dir='ltr'>fertur</span> <span class='ocrx_word' id='word_1_92' title='bbox 504 967 588 1006; x_wconf 86' lang='lat' dir='ltr'>edidisse</span> <span class='ocrx_word' id='word_1_93' title='bbox 598 968 705 1017; x_wconf 88' lang='lat' dir='ltr'>piusquam</span> 
     </span>
     <span class='ocr_line' id='line_1_14' title="bbox 31 1036 707 1087; baseline 0 -13"><span class='ocrx_word' id='word_1_94' title='bbox 31 1036 174 1086; x_wconf 80' lang='lat' dir='ltr'>quinquaginta</span> <span class='ocrx_word' id='word_1_95' title='bbox 197 1037 257 1075; x_wconf 88' lang='lat' dir='ltr'>libros</span> <span class='ocrx_word' id='word_1_96' title='bbox 278 1043 348 1086; x_wconf 83' lang='lat' dir='ltr'>praeter</span> <span class='ocrx_word' id='word_1_97' title='bbox 366 1039 402 1075; x_wconf 77' lang='lat' dir='ltr'>laos</span> <span class='ocrx_word' id='word_1_98' title='bbox 418 1049 469 1086; x_wconf 89' lang='lat' dir='ltr'>quos</span> <span class='ocrx_word' id='word_1_99' title='bbox 488 1043 555 1087; x_wconf 87' lang='lat' dir='ltr'>postea</span> <span class='ocrx_word' id='word_1_100' title='bbox 572 1036 639 1075; x_wconf 83' lang='lat' dir='ltr'>edidit.</span> <span class='ocrx_word' id='word_1_101' title='bbox 660 1036 707 1074; x_wconf 82' lang='lat' dir='ltr'>Post</span> 
     </span>
     <span class='ocr_line' id='line_1_15' title="bbox 31 1106 707 1156; baseline 0 -12"><span class='ocrx_word' id='word_1_102' title='bbox 31 1106 107 1145; x_wconf 88' lang='lat' dir='ltr'>obitum</span> <span class='ocrx_word' id='word_1_103' title='bbox 119 1106 169 1145; x_wconf 85' lang='lat' dir='ltr'>Petri</span> <span class='ocrx_word' id='word_1_104' title='bbox 181 1118 241 1156; x_wconf 86' lang='lat' dir='ltr'>penes</span> <span class='ocrx_word' id='word_1_105' title='bbox 252 1111 325 1145; x_wconf 84' lang='lat' dir='ltr'>statuta</span> <span class='ocrx_word' id='word_1_106' title='bbox 339 1106 465 1155; x_wconf 88' lang='lat' dir='ltr'>provincialis</span> <span class='ocrx_word' id='word_1_107' title='bbox 477 1107 597 1145; x_wconf 86' lang='lat' dir='ltr'>Cathaioniae</span> <span class='ocrx_word' id='word_1_108' title='bbox 609 1117 707 1144; x_wconf 87' lang='lat' dir='ltr'>convoca-</span> 
     </span>
     <span class='ocr_line' id='line_1_16' title="bbox 30 1175 705 1225; baseline -0.001 -11"><span class='ocrx_word' id='word_1_109' title='bbox 30 1176 58 1214; x_wconf 90' lang='lat' dir='ltr'>vit</span> <span class='ocrx_word' id='word_1_110' title='bbox 70 1175 178 1225; x_wconf 88' lang='lat' dir='ltr'>capituium</span> <span class='ocrx_word' id='word_1_111' title='bbox 185 1176 204 1213; x_wconf 97' lang='lat' dir='ltr'>in</span> <span class='ocrx_word' id='word_1_112' title='bbox 212 1176 341 1221; x_wconf 87' lang='lat' dir='ltr'>Barchinona,</span> <span class='ocrx_word' id='word_1_113' title='bbox 350 1176 404 1225; x_wconf 85' lang='lat' dir='ltr'>quod</span> <span class='ocrx_word' id='word_1_114' title='bbox 413 1176 545 1214; x_wconf 85' lang='lat' dir='ltr'>Bernardinus</span> <span class='ocrx_word' id='word_1_115' title='bbox 554 1176 578 1214; x_wconf 92' lang='lat' dir='ltr'>de</span> <span class='ocrx_word' id='word_1_116' title='bbox 584 1176 641 1214; x_wconf 84' lang='lat' dir='ltr'>Senis</span> <span class='ocrx_word' id='word_1_117' title='bbox 648 1175 705 1213; x_wconf 85' lang='lat' dir='ltr'>Sum-</span> 
     </span>
     <span class='ocr_line' id='line_1_17' title="bbox 31 1244 706 1284; baseline -0.003 0"><span class='ocrx_word' id='word_1_118' title='bbox 31 1245 58 1284; x_wconf 92' lang='lat' dir='ltr'>mi</span> <span class='ocrx_word' id='word_1_119' title='bbox 70 1244 171 1284; x_wconf 84' lang='lat' dir='ltr'>Pontificis</span> <span class='ocrx_word' id='word_1_120' title='bbox 182 1246 297 1284; x_wconf 85' lang='lat' dir='ltr'>auctoritate</span> <span class='ocrx_word' id='word_1_121' title='bbox 309 1246 406 1284; x_wconf 84' lang='lat' dir='ltr'>revocavit</span> <span class='ocrx_word' id='word_1_122' title='bbox 417 1246 441 1283; x_wconf 90' lang='lat' dir='ltr'>ad</span> <span class='ocrx_word' id='word_1_123' title='bbox 453 1245 523 1284; x_wconf 83' lang='lat' dir='ltr'>urbem</span> <span class='ocrx_word' id='word_1_124' title='bbox 539 1245 655 1283; x_wconf 82' lang='lat' dir='ltr'>Senensem¹</span> <span class='ocrx_word' id='word_1_125' title='bbox 669 1244 706 1283; x_wconf 91' lang='lat' dir='ltr'>Ubi</span> 
     </span>
     <span class='ocr_line' id='line_1_18' title="bbox 30 1314 705 1364; baseline -0.001 -12"><span class='ocrx_word' id='word_1_126' title='bbox 30 1314 171 1353; x_wconf 84' lang='lat' dir='ltr'>convenientes</span> <span class='ocrx_word' id='word_1_127' title='bbox 188 1319 252 1364; x_wconf 87' lang='lat' dir='ltr'>patres</span> <span class='ocrx_word' id='word_1_128' title='bbox 264 1316 345 1353; x_wconf 81' lang='lat' dir='ltr'>fuerunt</span> <span class='ocrx_word' id='word_1_129' title='bbox 356 1315 440 1353; x_wconf 89' lang='lat' dir='ltr'>Romam</span> <span class='ocrx_word' id='word_1_130' title='bbox 453 1314 513 1353; x_wconf 79' lang='lat' dir='ltr'>citati.</span> <span class='ocrx_word' id='word_1_131' title='bbox 528 1315 551 1353; x_wconf 87' lang='lat' dir='ltr'>Et</span> <span class='ocrx_word' id='word_1_132' title='bbox 565 1314 591 1352; x_wconf 90' lang='lat' dir='ltr'>ibi</span> <span class='ocrx_word' id='word_1_133' title='bbox 608 1314 705 1352; x_wconf 88' lang='lat' dir='ltr'>celebrato</span> 
     </span>
    </p>
   </div>
   <div class='ocr_carea' id='block_1_3' title="bbox 28 1383 706 1712">
    <p class='ocr_par' dir='ltr' id='par_1_4' title="bbox 28 1383 706 1712">
     <span class='ocr_line' id='line_1_19' title="bbox 29 1383 706 1440; baseline -0.001 -19"><span class='ocrx_word' id='word_1_134' title='bbox 29 1383 113 1432; x_wconf 88' lang='lat' dir='ltr'>capitulo</span> <span class='ocrx_word' id='word_1_135' title='bbox 125 1394 159 1440; x_wconf 85' lang='lat' dir='ltr'>per</span> <span class='ocrx_word' id='word_1_136' title='bbox 170 1384 255 1422; x_wconf 83' lang='lat' dir='ltr'>Leonem</span> <span class='ocrx_word' id='word_1_137' title='bbox 267 1384 339 1433; x_wconf 85' lang='lat' dir='ltr'>Papam</span> <span class='ocrx_word' id='word_1_138' title='bbox 353 1384 451 1422; x_wconf 86' lang='lat' dir='ltr'>decimum</span> <span class='ocrx_word' id='word_1_139' title='bbox 464 1384 501 1422; x_wconf 84' lang='lat' dir='ltr'>tuit</span> <span class='ocrx_word' id='word_1_140' title='bbox 510 1383 530 1421; x_wconf 92' lang='lat' dir='ltr'>in</span> <span class='ocrx_word' id='word_1_141' title='bbox 545 1383 659 1422; x_wconf 83' lang='lat' dir='ltr'>Generaem</span> <span class='ocrx_word' id='word_1_142' title='bbox 676 1393 706 1420; x_wconf 91' lang='lat' dir='ltr'>ro-</span> 
     </span>
     <span class='ocr_line' id='line_1_20' title="bbox 29 1451 706 1502; baseline -0.001 -12"><span class='ocrx_word' id='word_1_143' title='bbox 29 1457 87 1501; x_wconf 85' lang='lat' dir='ltr'>gatus</span> <span class='ocrx_word' id='word_1_144' title='bbox 99 1453 157 1490; x_wconf 86' lang='lat' dir='ltr'>irater</span> <span class='ocrx_word' id='word_1_145' title='bbox 164 1453 247 1502; x_wconf 88' lang='lat' dir='ltr'>Baptista</span> <span class='ocrx_word' id='word_1_146' title='bbox 257 1454 350 1502; x_wconf 83' lang='lat' dir='ltr'>praefatus</span> <span class='ocrx_word' id='word_1_147' title='bbox 356 1454 435 1497; x_wconf 73' lang='lat' dir='ltr'>absens</span> <span class='ocrx_word' id='word_1_148' title='bbox 447 1453 471 1491; x_wconf 90' lang='lat' dir='ltr'>A.</span> <span class='ocrx_word' id='word_1_149' title='bbox 482 1453 506 1491; x_wconf 83' lang='lat' dir='ltr'>D.</span> <span class='ocrx_word' id='word_1_150' title='bbox 520 1463 577 1502; x_wconf 74' lang='lat'>1513,</span> <span class='ocrx_word' id='word_1_151' title='bbox 588 1451 706 1501; x_wconf 75' lang='lat' dir='ltr'>praesidente</span> 
     </span>
     <span class='ocr_line' id='line_1_21' title="bbox 28 1521 706 1570; baseline -0.001 -11"><span class='ocrx_word' id='word_1_152' title='bbox 28 1521 125 1560; x_wconf 89' lang='lat' dir='ltr'>Cardinaii</span> <span class='ocrx_word' id='word_1_153' title='bbox 136 1522 243 1560; x_wconf 82' lang='lat' dir='ltr'>Mantuano</span> <span class='ocrx_word' id='word_1_154' title='bbox 255 1527 274 1560; x_wconf 91' lang='lat' dir='ltr'>et</span> <span class='ocrx_word' id='word_1_155' title='bbox 286 1522 398 1560; x_wconf 79' lang='lat' dir='ltr'>Marcitione</span> <span class='ocrx_word' id='word_1_156' title='bbox 409 1523 517 1560; x_wconf 80' lang='lat' dir='ltr'>Mantuano</span> <span class='ocrx_word' id='word_1_157' title='bbox 534 1521 627 1560; x_wconf 84' lang='lat' dir='ltr'>obnixius</span> <span class='ocrx_word' id='word_1_158' title='bbox 640 1521 660 1559; x_wconf 95' lang='lat' dir='ltr'>id</span> <span class='ocrx_word' id='word_1_159' title='bbox 671 1532 706 1570; x_wconf 93' lang='lat' dir='ltr'>po-</span> 
     </span>
     <span class='ocr_line' id='line_1_22' title="bbox 29 1589 705 1640; baseline -0.001 -12"><span class='ocrx_word' id='word_1_160' title='bbox 29 1591 121 1630; x_wconf 81' lang='lat' dir='ltr'>stulante,</span> <span class='ocrx_word' id='word_1_161' title='bbox 140 1591 175 1629; x_wconf 87' lang='lat' dir='ltr'>Hic</span> <span class='ocrx_word' id='word_1_162' title='bbox 192 1602 232 1640; x_wconf 85' lang='lat' dir='ltr'>prae</span> <span class='ocrx_word' id='word_1_163' title='bbox 246 1596 346 1629; x_wconf 81' lang='lat' dir='ltr'>senectute</span> <span class='ocrx_word' id='word_1_164' title='bbox 363 1591 441 1629; x_wconf 86' lang='lat' dir='ltr'>visitare</span> <span class='ocrx_word' id='word_1_165' title='bbox 453 1602 494 1628; x_wconf 94' lang='lat' dir='ltr'>non</span> <span class='ocrx_word' id='word_1_166' title='bbox 507 1591 572 1640; x_wconf 87' lang='lat' dir='ltr'>potuit</span> <span class='ocrx_word' id='word_1_167' title='bbox 584 1590 621 1628; x_wconf 91' lang='lat' dir='ltr'>nisi</span> <span class='ocrx_word' id='word_1_168' title='bbox 631 1601 665 1639; x_wconf 90' lang='lat' dir='ltr'>per</span> <span class='ocrx_word' id='word_1_169' title='bbox 677 1589 705 1627; x_wconf 91' lang='lat' dir='ltr'>vi-</span> 
     </span>
     <span class='ocr_line' id='line_1_23' title="bbox 30 1659 705 1712; baseline 0.003 -15"><span class='ocrx_word' id='word_1_170' title='bbox 30 1659 91 1698; x_wconf 86' lang='lat' dir='ltr'>carios</span> <span class='ocrx_word' id='word_1_171' title='bbox 106 1659 144 1712; x_wconf 72' lang='lat'>(3).</span> <span class='ocrx_word' id='word_1_172' title='bbox 157 1660 215 1699; x_wconf 86' lang='lat' dir='ltr'>Rexit</span> <span class='ocrx_word' id='word_1_173' title='bbox 232 1661 296 1699; x_wconf 81' lang='lat' dir='ltr'>trihus</span> <span class='ocrx_word' id='word_1_174' title='bbox 316 1660 373 1699; x_wconf 92' lang='lat' dir='ltr'>annis</span> <span class='ocrx_word' id='word_1_175' title='bbox 384 1666 404 1699; x_wconf 92' lang='lat' dir='ltr'>et</span> <span class='ocrx_word' id='word_1_176' title='bbox 423 1660 472 1699; x_wconf 90' lang='lat' dir='ltr'>obiit</span> <span class='ocrx_word' id='word_1_177' title='bbox 491 1661 577 1699; x_wconf 83' lang='lat' dir='ltr'>Mantuae</span> <span class='ocrx_word' id='word_1_178' title='bbox 589 1659 652 1698; x_wconf 86' lang='lat' dir='ltr'>aetatis</span> <span class='ocrx_word' id='word_1_179' title='bbox 664 1670 705 1699; x_wconf 85' lang='lat' dir='ltr'>suae</span> 
     </span>
    </p>
   </div>
   <div class='ocr_carea' id='block_1_4' title="bbox 29 1774 743 2464">
    <p class='ocr_par' dir='ltr' id='par_1_5' title="bbox 50 1774 272 1818">
     <span class='ocr_line' id='line_1_24' title="bbox 50 1774 272 1818; baseline 0.005 -10"><span class='ocrx_word' id='word_1_180' title='bbox 50 1776 79 1816; x_wconf 91' lang='grc'>(1)</span> <span class='ocrx_word' id='word_1_181' title='bbox 89 1774 197 1816; x_wconf 77' lang='lat' dir='ltr'>Baliarium,</span> <span class='ocrx_word' id='word_1_182' title='bbox 208 1776 221 1808; x_wconf 93' lang='grc' dir='ltr'>Ι.</span> <span class='ocrx_word' id='word_1_183' title='bbox 231 1777 272 1818; x_wconf 78' lang='lat'><strong>446.</strong></span> 
     </span>
    </p>

    <p class='ocr_par' dir='ltr' id='par_1_6' title="bbox 30 1829 743 1925">
     <span class='ocr_line' id='line_1_25' title="bbox 50 1829 743 1877; baseline 0 -11"><span class='ocrx_word' id='word_1_184' title='bbox 50 1833 79 1875; x_wconf 84' lang='lat' dir='ltr'>(a)</span> <span class='ocrx_word' id='word_1_185' title='bbox 95 1833 165 1877; x_wconf 88' lang='lat' dir='ltr'>Nempe</span> <span class='ocrx_word' id='word_1_186' title='bbox 174 1834 227 1867; x_wconf 89' lang='lat' dir='ltr'>annis</span> <span class='ocrx_word' id='word_1_187' title='bbox 245 1834 315 1876; x_wconf 73' lang='lat'>1483-5,</span> <span class='ocrx_word' id='word_1_188' title='bbox 332 1834 415 1877; x_wconf 77' lang='lat' dir='ltr'>1489-9r‚</span> <span class='ocrx_word' id='word_1_189' title='bbox 431 1834 501 1877; x_wconf 80' lang='lat'>1495-7‚</span> <span class='ocrx_word' id='word_1_190' title='bbox 523 1834 594 1875; x_wconf 76' lang='lat'>1501-3‚</span> <span class='ocrx_word' id='word_1_191' title='bbox 614 1831 679 1877; x_wconf 75' lang='lat'>1507-9</span> <span class='ocrx_word' id='word_1_192' title='bbox 688 1842 706 1867; x_wconf 88' lang='lat' dir='ltr'>et</span> <span class='ocrx_word' id='word_1_193' title='bbox 741 1829 743 1831; x_wconf 71' lang='grc'><strong>’</strong></span> 
     </span>
     <span class='ocr_line' id='line_1_26' title="bbox 30 1893 102 1925; baseline 0.028 -2"><span class='ocrx_word' id='word_1_194' title='bbox 30 1893 102 1925; x_wconf 78' lang='lat'>1513-5.</span> 
     </span>
    </p>

    <p class='ocr_par' dir='ltr' id='par_1_7' title="bbox 29 1950 706 2464">
     <span class='ocr_line' id='line_1_27' title="bbox 51 1950 705 1994; baseline -0.002 -11"><span class='ocrx_word' id='word_1_195' title='bbox 51 1950 80 1993; x_wconf 81' lang='lat'>(3)</span> <span class='ocrx_word' id='word_1_196' title='bbox 90 1951 216 1984; x_wconf 75' lang='lat' dir='ltr'>«Mantuanus</span> <span class='ocrx_word' id='word_1_197' title='bbox 228 1959 302 1994; x_wconf 85' lang='lat' dir='ltr'>propter</span> <span class='ocrx_word' id='word_1_198' title='bbox 314 1950 384 1984; x_wconf 90' lang='lat' dir='ltr'>senium</span> <span class='ocrx_word' id='word_1_199' title='bbox 392 1961 429 1983; x_wconf 93' lang='lat' dir='ltr'>non</span> <span class='ocrx_word' id='word_1_200' title='bbox 439 1959 510 1994; x_wconf 90' lang='lat' dir='ltr'>poterat</span> <span class='ocrx_word' id='word_1_201' title='bbox 519 1950 538 1983; x_wconf 89' lang='lat' dir='ltr'>in</span> <span class='ocrx_word' id='word_1_202' title='bbox 548 1961 625 1993; x_wconf 89' lang='lat' dir='ltr'>persona</span> <span class='ocrx_word' id='word_1_203' title='bbox 633 1950 705 1984; x_wconf 87' lang='lat' dir='ltr'>visitare</span> 
     </span>
     <span class='ocr_line' id='line_1_28' title="bbox 29 2009 706 2053; baseline 0 -12"><span class='ocrx_word' id='word_1_204' title='bbox 29 2009 137 2051; x_wconf 86' lang='lat' dir='ltr'>provincias,</span> <span class='ocrx_word' id='word_1_205' title='bbox 148 2009 230 2043; x_wconf 86' lang='lat' dir='ltr'>diversos</span> <span class='ocrx_word' id='word_1_206' title='bbox 245 2021 288 2053; x_wconf 83' lang='lat' dir='ltr'>ergo</span> <span class='ocrx_word' id='word_1_207' title='bbox 298 2009 375 2043; x_wconf 81' lang='lat' dir='ltr'>vicarios</span> <span class='ocrx_word' id='word_1_208' title='bbox 387 2009 483 2042; x_wconf 87' lang='lat' dir='ltr'>ordinavit.</span> <span class='ocrx_word' id='word_1_209' title='bbox 497 2009 526 2043; x_wconf 80' lang='lat' dir='ltr'>Ad</span> <span class='ocrx_word' id='word_1_210' title='bbox 539 2009 637 2042; x_wconf 88' lang='lat' dir='ltr'>Aiemanos</span> <span class='ocrx_word' id='word_1_211' title='bbox 653 2009 706 2042; x_wconf 87' lang='lat' dir='ltr'>desti-</span> 
     </span>
     <span class='ocr_line' id='line_1_29' title="bbox 29 2066 706 2111; baseline 0.003 -13"><span class='ocrx_word' id='word_1_212' title='bbox 29 2067 78 2101; x_wconf 86' lang='lat' dir='ltr'>navit</span> <span class='ocrx_word' id='word_1_213' title='bbox 87 2067 136 2101; x_wconf 86' lang='lat' dir='ltr'>viros</span> <span class='ocrx_word' id='word_1_214' title='bbox 151 2068 266 2102; x_wconf 84' lang='lat' dir='ltr'>doctissimos</span> <span class='ocrx_word' id='word_1_215' title='bbox 282 2068 390 2111; x_wconf 76' lang='lat' dir='ltr'>Magistrum</span> <span class='ocrx_word' id='word_1_216' title='bbox 407 2068 521 2111; x_wconf 84' lang='lat' dir='ltr'>Stephanum</span> <span class='ocrx_word' id='word_1_217' title='bbox 536 2068 559 2101; x_wconf 88' lang='lat' dir='ltr'>de</span> <span class='ocrx_word' id='word_1_218' title='bbox 574 2066 667 2101; x_wconf 88' lang='lat' dir='ltr'>Conforris</span> <span class='ocrx_word' id='word_1_219' title='bbox 684 2068 706 2100; x_wconf 92' lang='lat' dir='ltr'>de</span> 
     </span>
     <span class='ocr_line' id='line_1_30' title="bbox 30 2125 706 2170; baseline 0.003 -13"><span class='ocrx_word' id='word_1_220' title='bbox 30 2125 90 2160; x_wconf 78' lang='lat' dir='ltr'>Brixia</span> <span class='ocrx_word' id='word_1_221' title='bbox 102 2135 120 2160; x_wconf 89' lang='lat' dir='ltr'>et</span> <span class='ocrx_word' id='word_1_222' title='bbox 135 2126 241 2170; x_wconf 81' lang='lat' dir='ltr'>Magistrum</span> <span class='ocrx_word' id='word_1_223' title='bbox 256 2127 354 2160; x_wconf 87' lang='lat' dir='ltr'>Genesium</span> <span class='ocrx_word' id='word_1_224' title='bbox 364 2128 386 2159; x_wconf 88' lang='lat' dir='ltr'>de</span> <span class='ocrx_word' id='word_1_225' title='bbox 398 2125 496 2159; x_wconf 83' lang='lat' dir='ltr'>Cremona.</span> <span class='ocrx_word' id='word_1_226' title='bbox 505 2126 532 2160; x_wconf 85' lang='lat' dir='ltr'>Ad</span> <span class='ocrx_word' id='word_1_227' title='bbox 543 2125 604 2160; x_wconf 84' lang='lat' dir='ltr'>Gailos</span> <span class='ocrx_word' id='word_1_228' title='bbox 613 2136 657 2159; x_wconf 86' lang='lat' dir='ltr'>vero</span> <span class='ocrx_word' id='word_1_229' title='bbox 667 2126 706 2159; x_wconf 86' lang='lat' dir='ltr'>Ma·</span> 
     </span>
     <span class='ocr_line' id='line_1_31' title="bbox 29 2184 705 2228; baseline 0.001 -12"><span class='ocrx_word' id='word_1_230' title='bbox 29 2184 104 2226; x_wconf 77' lang='lat' dir='ltr'>gistrum</span> <span class='ocrx_word' id='word_1_231' title='bbox 119 2185 234 2228; x_wconf 85' lang='lat' dir='ltr'>Stephanum</span> <span class='ocrx_word' id='word_1_232' title='bbox 247 2187 268 2218; x_wconf 90' lang='lat' dir='ltr'>de</span> <span class='ocrx_word' id='word_1_233' title='bbox 285 2185 398 2228; x_wconf 86' lang='lat' dir='ltr'>Barsignona</span> <span class='ocrx_word' id='word_1_234' title='bbox 413 2194 431 2218; x_wconf 86' lang='lat' dir='ltr'>et</span> <span class='ocrx_word' id='word_1_235' title='bbox 447 2184 554 2228; x_wconf 83' lang='lat' dir='ltr'>Magistrum</span> <span class='ocrx_word' id='word_1_236' title='bbox 566 2184 643 2217; x_wconf 81' lang='lat' dir='ltr'>Paulum</span> <span class='ocrx_word' id='word_1_237' title='bbox 656 2184 705 2217; x_wconf 86' lang='lat' dir='ltr'>Pisa-</span> 
     </span>
     <span class='ocr_line' id='line_1_32' title="bbox 29 2241 705 2287; baseline 0.001 -14"><span class='ocrx_word' id='word_1_238' title='bbox 29 2252 79 2284; x_wconf 85' lang='lat' dir='ltr'>num,</span> <span class='ocrx_word' id='word_1_239' title='bbox 90 2250 108 2276; x_wconf 93' lang='lat' dir='ltr'>et</span> <span class='ocrx_word' id='word_1_240' title='bbox 117 2252 191 2287; x_wconf 87' lang='lat' dir='ltr'>propter</span> <span class='ocrx_word' id='word_1_241' title='bbox 200 2245 257 2278; x_wconf 84' lang='lat' dir='ltr'>Breve</span> <span class='ocrx_word' id='word_1_242' title='bbox 266 2241 387 2287; x_wconf 85' lang='lat' dir='ltr'>apostolicum</span> <span class='ocrx_word' id='word_1_243' title='bbox 396 2244 419 2276; x_wconf 84' lang='lat' dir='ltr'>de</span> <span class='ocrx_word' id='word_1_244' title='bbox 428 2242 507 2276; x_wconf 85' lang='lat' dir='ltr'>triennio</span> <span class='ocrx_word' id='word_1_245' title='bbox 517 2242 536 2275; x_wconf 88' lang='lat' dir='ltr'>in</span> <span class='ocrx_word' id='word_1_246' title='bbox 548 2242 648 2276; x_wconf 87' lang='lat' dir='ltr'>triennium</span> <span class='ocrx_word' id='word_1_247' title='bbox 658 2253 705 2286; x_wconf 87' lang='lat' dir='ltr'>prae-</span> 
     </span>
     <span class='ocr_line' id='line_1_33' title="bbox 30 2299 704 2346; baseline 0.001 -14"><span class='ocrx_word' id='word_1_248' title='bbox 30 2299 76 2335; x_wconf 86' lang='lat' dir='ltr'>fatus</span> <span class='ocrx_word' id='word_1_249' title='bbox 92 2302 173 2336; x_wconf 84' lang='lat' dir='ltr'>Franciae</span> <span class='ocrx_word' id='word_1_250' title='bbox 188 2302 265 2336; x_wconf 82' lang='lat' dir='ltr'>vicarius</span> <span class='ocrx_word' id='word_1_251' title='bbox 281 2303 389 2346; x_wconf 80' lang='lat' dir='ltr'>Magistrum</span> <span class='ocrx_word' id='word_1_252' title='bbox 403 2303 492 2335; x_wconf 83' lang='lat' dir='ltr'>iacobum</span> <span class='ocrx_word' id='word_1_253' title='bbox 504 2301 585 2334; x_wconf 87' lang='lat' dir='ltr'>Hanauit</span> <span class='ocrx_word' id='word_1_254' title='bbox 594 2300 612 2333; x_wconf 94' lang='lat' dir='ltr'>in</span> <span class='ocrx_word' id='word_1_255' title='bbox 623 2300 704 2344; x_wconf 89' lang='lat' dir='ltr'>capitulo</span> 
     </span>
     <span class='ocr_line' id='line_1_34' title="bbox 30 2358 705 2405; baseline 0.001 -14"><span class='ocrx_word' id='word_1_256' title='bbox 30 2360 137 2401; x_wconf 86' lang='lat' dir='ltr'>provinciali</span> <span class='ocrx_word' id='word_1_257' title='bbox 146 2362 200 2405; x_wconf 84' lang='lat' dir='ltr'>Ypris</span> <span class='ocrx_word' id='word_1_258' title='bbox 210 2362 300 2395; x_wconf 83' lang='lat' dir='ltr'>celebrato</span> <span class='ocrx_word' id='word_1_259' title='bbox 313 2362 356 2395; x_wconf 81' lang='grc'>1516</span> <span class='ocrx_word' id='word_1_260' title='bbox 369 2360 452 2402; x_wconf 73' lang='lat' dir='ltr'>absolvit,</span> <span class='ocrx_word' id='word_1_261' title='bbox 467 2360 499 2393; x_wconf 90' lang='lat' dir='ltr'>ubi</span> <span class='ocrx_word' id='word_1_262' title='bbox 509 2360 576 2393; x_wconf 88' lang='lat' dir='ltr'>electus</span> <span class='ocrx_word' id='word_1_263' title='bbox 583 2358 618 2392; x_wconf 83' lang='lat' dir='ltr'>fuit</span> <span class='ocrx_word' id='word_1_264' title='bbox 629 2359 705 2402; x_wconf 89' lang='lat' dir='ltr'>provin-</span> 
     </span>
     <span class='ocr_line' id='line_1_35' title="bbox 30 2417 705 2464; baseline 0.003 -15"><span class='ocrx_word' id='word_1_265' title='bbox 30 2418 80 2452; x_wconf 91' lang='lat' dir='ltr'>ciaiis</span> <span class='ocrx_word' id='word_1_266' title='bbox 93 2420 175 2454; x_wconf 86' lang='lat' dir='ltr'>Franciae</span> <span class='ocrx_word' id='word_1_267' title='bbox 184 2421 231 2464; x_wconf 88' lang='lat' dir='ltr'>Mag.</span> <span class='ocrx_word' id='word_1_268' title='bbox 245 2422 322 2455; x_wconf 87' lang='lat' dir='ltr'>Arturus</span> <span class='ocrx_word' id='word_1_269' title='bbox 336 2419 386 2464; x_wconf 91' lang='lat' dir='ltr'>prior</span> <span class='ocrx_word' id='word_1_270' title='bbox 397 2418 529 2453; x_wconf 90' lang='lat' dir='ltr'>Attrebatensis</span> <span class='ocrx_word' id='word_1_271' title='bbox 543 2417 574 2462; x_wconf 92' lang='lat' dir='ltr'>qui</span> <span class='ocrx_word' id='word_1_272' title='bbox 589 2417 705 2461; x_wconf 85' lang='lat' dir='ltr'>praecedente</span> 
     </span>
    </p>
   </div>
   <div class='ocr_carea' id='block_1_5' title="bbox 0 0 812 2703">
    <p class='ocr_par' dir='ltr' id='par_1_8' title="bbox 0 0 812 2703">
     <span class='ocr_line' id='line_1_36' title="bbox 0 0 812 2703; baseline 0 0"><span class='ocrx_word' id='word_1_273' title='bbox 0 0 812 2703; x_wconf 95' lang='lat' dir='ltr'> </span> 
     </span>
    </p>
   </div>
  </div>
 </body>
</html>
