1631 2703
80 74 116 112 134
343 75 399 103 acra.
415 74 474 103 carn.

75 138 180 196 superioris
189 160 200 184 a
209 154 307 187 conventu
317 150 347 185 vel
356 161 366 186 a
374 148 472 196 provincia
481 148 578 186 recesserit
589 148 620 185 vel
631 147 677 185 alias
686 158 745 195 vaga-

76 221 108 253 tus
117 215 181 259 tuerit,
193 216 209 254 si
217 217 266 253 infra
276 228 338 254 unum
347 217 398 254 diem
408 228 448 254 non
459 217 540 260 redierit,
550 217 593 254 loco
601 220 620 253 et
628 227 675 254 voce
682 220 745 253 careat

78 284 121 332 ipso
133 284 191 327 lacto,
210 290 229 322 et
241 285 257 322 si
270 296 293 322 ex
305 285 419 333 hujusmodi
431 295 509 323 recessu
525 285 639 322 scandalum
651 283 743 328 evenerit,

79 357 112 389 aut
119 353 168 390 ultra
175 364 238 390 unum
245 353 296 390 diem
303 353 462 401 sinehujusmodi
470 353 576 401 superioris
582 352 657 390 licentia
663 351 743 395 steterit,

80 417 115 472 [et]
127 431 162 469 pro
171 420 283 468 quantitate
290 426 309 458 et
320 420 412 469 qualitate
423 420 507 458 scandali
516 425 535 458 et
546 420 609 458 delicti
622 420 701 469 gravius
710 431 746 468 pu-

79 488 150 526 niatur.
163 489 201 534 Qu
214 500 259 526 vero
271 494 340 526 contra
351 490 446 526 directum
459 493 579 537 praeceptum
592 488 621 526 sui
639 487 745 537 superioris

79 557 179 594 recesserit
188 557 224 594 etsi
236 558 259 594 ad
269 558 328 603 alium
338 558 458 605 superiorem
471 567 529 594 suum
539 556 566 593 ire
575 556 686 605 contigerit,
696 561 747 596 tam-

79 636 139 673 quam
153 625 228 663 rebellis
237 631 256 662 et
264 629 352 673 apostata
362 626 405 662 loco
418 630 436 662 et
447 636 495 662 voce
506 624 594 672 privatus
605 624 675 661 carceri
692 635 748 661 man-

79 693 161 740 cipetur.
170 693 268 730 Volumus
275 698 340 736 tamen
348 693 402 741 quod
409 692 441 740 qui
448 697 526 740 propter
533 703 611 730 causam
619 691 746 730 necessariam

80 773 91 798 a
102 772 139 799 suo
152 761 265 798 immediato
277 761 377 809 superiore
391 761 488 798 licentium
501 760 576 809 petierit
595 772 631 798 nec
642 760 748 798 obtinuerit
766 807 767 810 Ἰ

82 830 146 878 primo
166 840 203 867 suo
223 829 335 877 provinciali
352 829 484 878 hujustmodi)
501 829 580 877 petitam
597 828 695 866 licentiam
708 840 748 866 non

81 897 182 934 obtentam
195 902 213 933 et
226 908 306 934 causam
316 908 349 945 per
358 897 430 934 litteras
445 896 548 945 significet,
560 907 609 944 quas
618 896 670 933 idem
680 896 749 933 imme-

80 965 145 1003 diatus
157 965 318 1013 superioraquo
332 966 389 1014 petita
407 965 465 1002 fuerit
484 965 596 1013 hujusmodi
617 964 691 1004 licentia
711 976 748 1002 suo

81 1033 144 1080 sigillo
153 1032 262 1081 consignet,
276 1032 313 1071 sub
326 1044 384 1081 poena
396 1032 524 1081 depositionis
536 1032 559 1069 ab
571 1031 635 1070 officio
646 1032 661 1069 si
673 1036 749 1070 contra-

82 1101 157 1138 venerit
174 1101 352 1149 intligenda.,l)rior
371 1112 417 1138 vero
437 1099 560 1148 provincialis
577 1105 617 1137 tarn
637 1100 750 1149 debujus-

84 1169 138 1206 modi
150 1180 206 1207 causa
218 1180 277 1217 quam
290 1170 314 1206 de
327 1169 431 1217 negatione
443 1168 531 1212 licentiae,
545 1169 611 1216 gratiae
627 1180 661 1206 seu
669 1168 750 1217 justitiae

83 1237 139 1274 faciat
155 1238 331 1285 complementum.
363 1237 464 1274 Postremo
489 1247 534 1274 vero
552 1237 568 1273 si
587 1237 691 1275 necessitas
713 1237 750 1274 hoc

84 1305 168 1353 requirat
184 1305 237 1353 quod
256 1310 361 1353 postquam
382 1305 495 1351 huiusmodi
525 1305 584 1352 petita
610 1305 686 1343 licentia
710 1315 750 1342 non

84 1373 163 1411 obtenta
184 1373 295 1421 provinciali
317 1385 354 1411 suo
373 1373 429 1410 luerit
446 1372 534 1410 intimata
554 1373 616 1410 adhuc
628 1377 716 1421 oporteat
732 1380 751 1410 et

86 1441 154 1479 debeat
163 1441 277 1490 hujusmodi
286 1453 365 1479 causam
377 1447 396 1478 et
411 1440 506 1478 licentiam
519 1452 558 1478 non
576 1441 677 1478 obtentam
690 1442 751 1479 Reve-

85 1509 145 1547 rendo
157 1509 204 1558 patri
222 1516 290 1548 nostro
310 1509 369 1547 Priori
381 1509 467 1562 generali
489 1509 612 1547 innotescere
629 1510 667 1547 sub
687 1509 751 1558 sigillo

87 1577 116 1616 sui
134 1578 240 1626 superioris
263 1578 369 1632 immediati
388 1583 422 1615 aut
441 1577 562 1625 provincialis
584 1578 678 1615 volumus
697 1578 751 1626 quod

88 1645 189 1683 scribatur.
207 1646 253 1683 ltem
273 1645 392 1694 quicumque
412 1649 465 1683 extra
481 1656 536 1682 suam
554 1645 674 1694 provinciam
693 1656 753 1683 reces-

88 1714 134 1751 serit
145 1714 187 1751 sine
199 1714 266 1752 litteris
278 1713 440 1752 obedientialibus
457 1724 491 1751 seu
506 1713 637 1752 licentiatoriis
649 1714 672 1751 ad
684 1725 753 1762 quem-

89 1793 174 1830 cumque
192 1788 312 1831 conventum
328 1782 459 1826 declinaverit,
473 1782 538 1820 statim
553 1794 586 1830 per
603 1782 687 1831 priorem
702 1783 753 1831 ejus-

78 1840 133 1888 dem
149 1857 259 1889 conventus
270 1851 319 1901 (Fol.
332 1852 380 1898 aab)
394 1852 423 1888 vel
433 1851 474 1899 ejus
486 1852 551 1888 locum
562 1856 664 1889 tenentem
684 1850 753 1888 carceri

90 1920 217 1969 mancipetur.
231 1919 338 1957 Statuimus
347 1920 400 1968 quod
407 1919 597 1968 quivisapostatatur
606 1924 684 1958 extunc
693 1920 716 1959 in.
725 1931 756 1958 or-

89 1989 135 2026 dine
147 2000 255 2036 numquam
266 1989 353 2026 officium
366 1989 433 2025 babeat
446 1999 509 2036 neque
521 1989 613 2037 gradum,
625 1989 755 2037 exceptisillis

92 2068 136 2094 cum
150 2057 222 2105 quibus
234 2061 278 2094 ante
290 2057 395 2105 capitulum
414 2057 502 2105 generale
515 2056 637 2094 bruxellense
648 2057 705 2095 fuerit
717 2058 756 2096 dis-

89 2131 201 2175 pensatum

119 2196 165 2232 ltem
184 2194 266 2233 Rubrica
285 2195 360 2232 XXXIV
382 2195 406 2232 de
425 2194 592 2232 comminantibus
613 2199 632 2231 et
652 2194 755 2233 rebellibus
