1631 2703
324 134 406 163 nonvcn
423 133 459 161 v·:-
692 133 717 172 29

44 214 143 253 conventu
155 209 197 248 scii.
208 208 231 248 in
239 208 346 254 refectorio,
354 207 550 247 ,adminusduobus
559 207 629 245 diebus
641 206 660 244 in
672 217 717 256 sep-

43 283 123 325 timana,
134 283 154 316 et
170 272 218 318 tunc
238 290 278 317 non
290 279 396 317 comedant
412 278 448 316 nisi
460 278 485 315 de
499 277 576 315 cibariis
587 288 631 326 quae
640 288 675 326 per
687 288 717 314 re-

43 356 122 402 gentem
135 354 256 387 conventum
263 349 300 387 toti
312 348 418 386 conventui
428 348 600 391 ministrabuntur,
611 347 648 384 sub
656 358 716 395 poena

44 420 109 472 gravis
118 420 181 469 cuipae
204 430 238 468 per
247 423 287 457 tres
296 418 345 457 dies.
362 428 392 456 10.
399 418 529 456 Prohibemus
538 424 605 456 autem
616 428 641 454 ne
652 417 717 466 aliqua

44 489 124 542 pitantia
136 489 155 527 in
167 495 266 527 conventu
282 500 316 527 seu
328 488 348 526 in
365 488 465 526 refectorio
481 487 596 525 comedatur
611 486 648 524 nisi
663 498 718 524 com-

44 559 111 599 munis
123 559 217 610 omnibus
237 558 331 596 habeatur
348 558 386 596 sub
407 569 466 607 pcena
484 562 598 607 praenotata.
621 567 650 594 11.
671 554 718 594 ltern

44 629 140 668 fratres'in
150 629 236 667 secunda
245 640 314 666 mensa
325 628 453 666 comedentes
465 639 506 665 non
519 627 561 665 aliis
570 638 630 676 quam
643 626 663 664 in
680 625 719 675 pri·-

45 712 76 738 ma
87 704 193 738 vescantur
205 698 310 744 alimentis,
324 698 361 737 sub
372 697 578 748 poenagravisculpae‚
592 697 630 735 hoc
640 695 719 746 permit-

44 770 93 808 tenti
105 774 124 806 et
132 769 211 807 facienti
221 768 336 818 infligenda.
613 799 615 802 .

74 850 104 877 12.
119 839 166 877 item
182 838 295 883 statuimus,
313 838 367 887 quod
379 838 446 876 nuilus
459 838 518 875 frater
529 836 594 875 veniat
610 837 634 874 ad
649 837 719 875 fratres

13 893 17 899 ⁸
45 908 109 958 ultimi
120 912 233 947 conventus
244 908 275 947 vel
287 908 366 946 adaiios
378 912 432 946 extra
443 907 568 945 refectorium
583 906 718 954 comedentes,

46 978 82 1017 nisi
92 978 175 1027 servitor
184 979 215 1016 vei
232 978 337 1016 servitores
351 977 384 1026 qui
396 989 430 1027 per
448 976 533 1027 priorem
546 977 575 1015 vel
593 975 718 1026 subpriorem

46 1047 157 1086 eis‘su'erint
169 1047 260 1096 ordinati,
272 1047 309 1085 sub
322 1058 380 1096 poena
390 1046 455 1096 gravis
467 1047 538 1095 culpae.

75 1129 104 1169 13.
115 1118 162 1156 item
173 1117 301 1167 prohibemus
310 1128 335 1154 ne
342 1118 409 1155 iratres
417 1116 478 1154 nostri
489 1116 509 1154 in
518 1115 629 1154 civitatibus
636 1119 655 1153 et
660 1114 718 1159 villis,

46 1187 65 1225 in
76 1187 148 1236 quibus
158 1188 223 1225 locum
230 1186 441 1231 habemus,comedant
449 1187 479 1224 vel
488 1186 564 1230 bibant,
575 1185 611 1223 nisi
618 1184 720 1234 proinevi-

45 1257 98 1295 tabili
121 1256 244 1305 necessitate,
264 1261 394 1305 praeterquam
417 1256 470 1305 apud
491 1255 601 1304 religiosos,
620 1255 718 1304 praelatos,

47 1338 109 1376 reges,
125 1327 228 1376 principes,
245 1331 339 1375 patronos
353 1330 372 1363 et
383 1331 493 1375 magnates,
507 1326 549 1364 sine
561 1325 638 1363 licentia
651 1324 720 1373 prioris

47 1396 143 1446 generalis
151 1398 181 1434 vel
194 1396 325 1445 provincialis,
337 1396 374 1434 sub
387 1407 446 1444 poena
457 1396 521 1445 gravis
533 1396 603 1444 culpae,
612 1394 720 1433 secundum

46 1466 163 1516 exigentiam
171 1466 311 1515 delinquentis.
325 1468 355 1514 14.
366 1465 438 1503 Poterit
446 1471 512 1503 tamen
519 1465 576 1514 prior
586 1464 653 1503 localis
662 1465 722 1502 iicen-

46 1536 93 1574 tiare
101 1537 168 1575 fratres
177 1536 202 1574 ad
217 1535 372 1574 comedendum.
381 1534 401 1573 in
414 1535 458 1573 vilia
472 1547 518 1574 cum
531 1534 622 1584 personis
630 1533 722 1581 notabili·

47 1605 84 1644 bus
92 1610 111 1644 et
122 1605 218 1653 honestis,
230 1605 258 1644 sic
271 1610 338 1643 tamen
348 1605 403 1655 quod
416 1605 469 1655 prior
483 1605 566 1643 discrete
576 1615 597 1643 se
614 1604 685 1641 habeat
701 1602 721 1640 in

48 1675 125 1724 licentia
135 1675 268 1724 concedenda,
282 1687 305 1713 ne
320 1687 354 1725 per·
365 1676 403 1713 hoc
415 1674 495 1719 materia
504 1675 534 1713 vel
550 1673 626 1712 occasio
636 1672 722 1712 scandali

48 1745 186 1795 subsequatur.
202 1749 232 1795 1'5.
250 1744 269 1783 Si
290 1750 356 1783 autem
374 1745 445 1794 aliquis
468 1745 525 1782 frater
540 1744 649 1782 inebriatus
664 1742 723 1780 fuerit

47 1814 100 1854 intus
111 1816 142 1853 vei
154 1820 215 1860 extra,
237 1826 298 1864 quam
313 1810 427 1853 ebrietatem
440 1815 525 1852 habeant
543 1825 665 1863 cognoscere
682 1813 722 1850 duo

47 1885 77 1923 vei
88 1889 128 1923 tres
137 1886 204 1923 iratres
213 1884 252 1922 fide
261 1884 322 1934 digni,
333 1885 349 1922 X
358 1884 428 1922 diebus
435 1884 531 1934 gravioris
539 1882 721 1933 cuipaesubjacebit.

47 1953 131 2003 Caveant
142 1959 208 1993 autem
217 1954 321 2004 diiigenter
331 1966 356 1992 ne
368 1965 391 1992 ex
403 1954 492 2003 ipsorum
500 1953 656 1992 comestionibus
667 1963 723 1990 scan-

48 2023 84 2062 dali
97 2024 176 2063 materia
187 2024 314 2073 saecularibus
322 2024 427 2063 tribuatur.
474 2055 476 2057 .

140 2154 203 2194 Runa.
213 2154 238 2193 V.
247 2154 275 2192 De
287 2164 369 2193 suanno
381 2164 404 2192 er
414 2163 521 2193 tocurroue
529 2164 624 2193 turanum

78 2293 94 2320 1.
110 2270 219 2322 Statuirnus
231 2275 285 2333 quod
298 2280 366 2322 fratres
386 2269 486 2322 sitentium
499 2268 578 2321 teneant
593 2282 612 2320 in
627 2267 720 2327 claustro,

48 2340 163 2392 dormitorio
172 2358 192 2392 et
200 2354 220 2392 in
233 2339 293 2402 cellis,
307 2339 469 2404 praeterquam-in
481 2338 528 2391 ceila
540 2338 618 2403 prioris,
632 2353 652 2390 in
661 2337 722 2390 choro

49 2425 68 2459 et
79 2423 187 2473 refectorio,
197 2424 234 2463 sub
247 2435 306 2474 poena
321 2423 387 2473 gravis
399 2423 470 2473 culpae.
484 2434 503 2462 2.
516 2409 592 2461 Fratres
604 2408 674 2462 'autem
689 2433 723 2460 ex-
