1631 2703
103 85 141 133 '206
173 134 176 136 ,
346 89 349 94 ’
383 106 443 134 cana.
461 107 529 135 oanan.

102 169 249 229 provincialium
262 177 364 229 quomodo
376 181 436 218 semel
448 181 467 218 in
479 192 531 218 anno
541 179 614 218 habent
626 168 704 219 visitare
727 193 771 230 pro-

103 248 174 286 vincias
183 254 203 286 et
213 249 310 298 corrigere
318 249 414 287 scandala.

129 318 188 354 Anna
200 318 278 355 Domini
294 318 390 364 1312suit
410 318 517 365 capitulum
540 313 629 366 generale
652 318 771 356 celebratum

102 386 208 433 Londoniis
221 387 240 423 in
253 386 351 435 provincia
361 386 438 435 Angliae
448 386 466 423 in
479 391 546 423 octava
567 386 691 424 Pentecostes
709 388 773 436 nragi-

103 459 144 492 stro
155 454 240 492 Gerardo
250 455 312 503 priore
320 455 413 504 generali,
427 455 496 503 inquo
516 453 600 503 capitulo
622 457 682 492 multa
692 457 772 493 luerunt

102 522 196 569 ordinata,
210 524 317 572 specialiter
326 520 392 571 qnoad
404 523 492 561 studium
504 522 616 560 Orconiense
626 530 655 560 etc
663 523 716 574 (sic).

129 592 188 629 Anno
197 592 275 629 Domini
297 602 344 641 1315
362 592 399 629 tait
416 592 523 640 capitulum
542 592 632 639 generale
652 593 770 630 celebratum

102 660 189 698 Coloniae
201 661 220 697 in
229 659 322 710 pro-(Fol.
333 658 379 708 ooa)
388 660 450 697 vincia
460 660 567 697 Alemaniae
579 660 675 697 interioris
685 661 704 697 in
721 662 770 698 sesto

103 729 226 766 Pentecostes
236 730 331 778 magistro
343 728 429 765 Gerardo
438 728 500 776 priore
508 726 617 778 (generali).
631 728 650 765 ln
663 739 703 777 quo
721 730 772 778 capi·

103 797 145 834 tulo
155 787 215 834 multa
223 798 302 834 luerunt
312 796 407 840 ordinata,
415 796 523 844 specialiter
535 796 588 844 quod
598 797 666 833 fratres
679 797 773 834 deberent

100 854 166 901 ‘dicere
180 861 241 902 certas
254 865 324 902 missas
337 875 372 912 pro
384 864 476 902 iratribus
485 863 583 902 defunctis
593 869 612 901 et
631 875 666 912 pro
684 865 772 902 habenti-

102 934 140 971 bas
152 933 224 970 litteras
233 924 397 970 confraternitatis
405 937 478 970 nostrae
490 944 549 970 sacrae
558 932 664 980 religionis.

129 1001 188 1038 Anno
197 1001 276 1038 Domini
292 1002 339 1051 1318
352 1001 460 1049 capitulum
470 1002 559 1049 generale
568 995 687 1038 celebratum
698 1001 734 1038 tuit
752 1001 771 1038 in

103 1071 214 1108 Pentecoste
226 1069 244 1106 in
255 1069 353 1118 provincia
368 1069 476 1117 Aquitaniae
488 1070 607 1117 Burdegalae,
621 1074 640 1106 et
652 1069 677 1106 ib'i
698 1071 771 1107 electus

103 1143 133 1175 est
144 1138 197 1186 prior
206 1138 301 1186 generalis
311 1140 367 1175 irater
389 1138 453 1174 Guido
471 1138 495 1175 de
511 1135 627 1186 Perpiniano
647 1138 716 1175 doctor
732 1139 773 1175 eai-

104 1206 156 1244 rnins
167 1205 204 1257 (r),
218 1206 303 1244 Gerardo
318 1206 336 1244 in
353 1205 449 1243 Avinione
467 1206 566 1244 defuncto.
588 1206 607 1243 ln
628 1217 668 1254 quo
686 1206 770 1255 capitulo

104 1275 159 1323 plura
167 1276 246 1312 luerunt
254 1275 349 1320 ordinata,
358 1274 463 1322 specialiter
473 1275 526 1322 quod
541 1274 609 1311 nullus‘
623 1275 680 1311 frater
696 1279 771 1312 teneret

103 1342 189 1380 officium
202 1341 325 1391 'genenrlntus
337 1347 521 1391 quantamcumque
532 1342 619 1381 virtuose
640 1347 714 1390 regeret
735 1343 771 1380 nisi

103 1423 137 1450 sex
146 1412 203 1449 annis
213 1412 328 1449 successive.
341 1411 387 1448 ltern
400 1411 453 1459 quod
466 1412 532 1449 nullus
543 1416 617 1449 teneret
629 1410 718 1448 officium
726 1423 771 1460 pro-

102 1479 214 1518 vincialalus
229 1480 266 1517 nisi
279 1480 302 1517 de
311 1473 395 1527 capitulo
407 1479 492 1528 generali
502 1480 525 1516 ad
537 1478 651 1527 capitulum,
666 1478 691 1516 ita
703 1483 769 1517 tamen

92 1540 156 1597 ‘'quod
165 1553 209 1597 post
220 1548 260 1586 duo
272 1548 354 1597 capitula
363 1547 459 1596 generalia
471 1548 541 1585 lteram
562 1551 627 1595 potest
642 1552 707 1585 tenere
728 1548 771 1586 offi-

103 1617 154 1654 cium
167 1617 324 1665 provincialatns.

128 1686 188 1723 Anno
200 1685 278 1723 Domini
294 1696 339 1734 1321
355 1684 391 1722 sair
401 1685 507 1733 capitulam
522 1685 611 1733 generale
626 1684 770 1723 celebraturnin

102 1754 201 1802 provincia
212 1754 310 1790 Narbonae
321 1754 340 1790 in
358 1758 456 1790 conventu
477 1754 549 1790 Montis
567 1753 666 1790 Pessulani
682 1754 701 1790 in
720 1755 769 1791 resto

101 1823 233 1866 Pentecosres,
246 1826 265 1859 et
276 1822 301 1859 ibi
311 1823 383 1859 electas
395 1826 424 1858 est
434 1822 484 1869 prior
497 1821 590 1870 generalis
609 1822 770 1868 iraterJolrannes

102 1892 126 1927 de
135 1891 200 1927 Alerio
213 1890 315 1938 provinciae
328 1888 582 1937 Tholosaebaclralarius(2)
592 1889 710 1936 parisiensis,
724 1901 769 1927 narn

102 1958 232 1996 fraterGaido
245 1959 306 1995 lactas
321 1957 356 1995 fuit
376 1958 480 2005 episcopus
495 1956 628 2005 Majoricensis
651 1968 684 2004 per
703 1958 769 1994 sedem

101 2026 236 2074 apostolicam,
249 2027 294 2062 inde
306 2028 368 2063 lactus
378 2030 407 2062 est
419 2026 523 2073 episcopus
535 2025 631 2061 Einensis.
644 2026 663 2061 ln
675 2026 713 2062 isto
722 2026 771 2073 capi-

101 2096 143 2133 tulo
153 2096 215 2132 multa
226 2094 342 2132 ordinantur
353 2099 372 2131 et
394 2094 455 2131 divisa
473 2093 508 2130 fait
525 2092 623 2141 provincia
646 2093 770 2131 Provinciaea

101 2163 201 2213 provincia
212 2164 318 2200 Narbonae.

122 2312 145 2353 (r)
153 2311 171 2343 S.
181 2310 242 2343 addit:
253 2309 272 2342 in
284 2320 334 2342 sacra
343 2308 416 2351 pagina.

122 2375 143 2413 (21
154 2370 171 2403 S.
181 2368 242 2403 addit:
254 2368 272 2402 in
281 2379 332 2402 sacra
344 2365 414 2410 pagina.
