1631 2703
102 110 137 150 192
285 110 308 138 11Ε
323 110 468 144 nnTrQurourtus
482 111 575 139 CAPITULIS

92 196 144 221 :inno
158 196 205 235 1317
219 186 238 222 in
251 185 335 233 capitulo
345 181 458 234 provinciali
466 186 553 223 Coloniae
564 185 629 223 habito
641 183 702 252 totius
714 184 758 221 nte-

92 253 176 289 manniae
202 254 324 301 provincialis
348 255 431 303 eligitur,
463 254 622 302 provinciamque
639 265 694 291 sunm
714 257 758 290 tum

91 321 186 369 temporis
209 322 350 370 amplissimam
377 323 492 360 dexterrime
509 323 622 371 gubernans
642 323 649 366 1
665 322 679 372 ),
701 321 758 358 inea

93 390 184 436 qualitate
210 395 294 438 quatuor
309 391 402 439 capitulis
421 391 546 439 generalibus
568 391 648 434 assistit,
669 389 758 427 videlicet

92 458 229 506 burdegalensi
241 458 260 495 in
270 458 330 495 Gallia
348 470 400 496 anno
413 461 469 508 1318,
483 457 621 496 barcinonensi
636 458 655 495 in
667 457 758 506 Hispania

93 537 144 563 anno
159 537 216 574 1324,
227 527 314 564 Albiensi
324 527 343 576 in
352 527 411 564 Gallia
423 539 475 564 anno
493 537 541 577 1327
551 532 570 564 et
579 525 727 563 Vallencenensi
739 526 757 563 in

92 595 157 643 Belgio
170 606 221 632 anno
235 606 283 644 1330
292 596 355 643 (quod
364 596 421 632 rerer-t
428 596 499 632 lezana
508 596 531 632 ad
541 606 615 633 annum
628 593 693 644 1331)

118 664 179 701 Tanta
189 663 273 701 scientie
282 676 304 701 ac
312 664 411 711 religionis
420 665 476 701 laude
488 664 574 702 Sibertus
586 662 683 706 excelluit,
697 674 758 710 eaque

92 732 153 768 valuit
165 731 258 768 industria
267 736 285 768 et
293 731 408 769 authoritate
418 737 438 768 ut
446 731 536 769 bonilacii
547 732 588 769 Vlll.
600 730 721 779 privilegium
734 731 758 767 de

93 800 207 837 extensione
227 799 251 836 ad
265 800 353 836 ordinem
367 799 518 837 Cannelitanum
537 799 684 837 constitutionis
698 799 759 845 Super

93 868 199 904 cathedram
209 879 220 903 a
232 867 331 904 Clemente
345 867 368 903 V.
382 868 522 910 continuatam,
535 871 647 904 renovatam
660 867 679 903 in
695 866 759 904 conci-

94 935 120 973 lio
130 935 244 978 Viennensi,
255 948 264 972 a
274 935 362 981 johanne
371 935 418 973 xxii
428 934 559 983 impetraverit
573 946 624 972 anno
640 936 695 984 1326.
708 935 759 972 Tan-

93 1005 136 1041 dem
150 1004 235 1042 Colouiee
250 1009 356 1051 postquam
373 1003 492 1052 provinciam
508 1014 564 1041 suain
581 1003 723 1052 sapientissime
740 1009 759 1040 et

93 1072 243 1110 laudabilissirne
253 1072 364 1120 quindecim
374 1072 430 1109 annis
437 1071 468 1123 (2)
476 1072 606 1122 gubernasset
615 1072 697 1109 moritur
706 1082 758 1108 anno

97 1153 145 1191 1332
153 1140 202 1191 (non
218 1152 264 1191 1333
276 1145 297 1178 ut
310 1142 359 1178 male
370 1141 429 1178 babet
440 1141 556 1179 Bibliotheca
564 1141 719 1188 Carmelitarum)
729 1140 758 1177 die

94 1221 118 1260 29
131 1209 250 1253 Decembris,
264 1210 353 1256 sepultus
365 1214 409 1246 ante
421 1210 514 1258 majorem
524 1220 576 1246 aram
586 1209 672 1247 ecclesiae
681 1209 759 1246 Carine-

94 1277 178 1315 litarum.

120 1346 200 1393 (lbidem
213 1346 253 1384 Fol.
270 1351 311 1394 rra)
320 1345 399 1394 Scripsit
407 1346 494 1384 Sibertus
507 1351 572 1384 noster
581 1358 585 1383 :

121 1426 131 1451 r<
150 1426 165 1451 1.
177 1416 195 1451 111
206 1414 322 1463 magistrum
333 1415 484 1460 Sententiarum,
496 1415 528 1452 lib.
540 1426 559 1461 4.

121 1495 139 1520 2.
155 1483 258 1520 Sumnnun
270 1495 396 1521 censurarum
411 1484 456 1522 novi
471 1483 520 1532 juris
533 1483 573 1521 sive
586 1484 608 1520 de
621 1482 698 1520 casibus
713 1493 758 1519 con-

93 1553 185 1590 scientiae
198 1553 231 1590 lib.
246 1564 261 1590 1.

119 1633 137 1671 3.
159 1621 329 1659 Considerationes
341 1633 401 1670 super
421 1623 506 1670 regulam
519 1622 593 1659 ordinis
610 1621 756 1658 Carmelitaruni

93 1691 126 1728 lib.
140 1691 152 1728 l.
166 1691 199 1738 qui
211 1702 263 1728 anno
279 1700 327 1739 1507
339 1692 403 1729 editus
415 1696 445 1729 est
457 1691 543 1729 Venetiis
555 1692 574 1728 in
587 1691 671 1739 Speculo
684 1689 757 1727 ordinis

93 1759 133 1796 ror.
147 1770 168 1809 31
182 1764 200 1796 et
212 1760 301 1807 quaedam
311 1760 363 1807 apud
375 1760 468 1797 Riboturn
479 1761 528 1797 libro
541 1761 576 1797 Vlll
588 1771 644 1808 capp.
660 1770 668 1806 5
681 1759 698 1795 81
710 1756 729 1796 6.

92 1870 93 1873 Ἴ
119 1838 138 1874 4,
152 1828 272 1866 Fasciculum
284 1827 354 1865 florum
365 1829 484 1866 diversarum
495 1828 626 1871 historiarum,
639 1828 673 1865 lib.
687 1828 699 1864 l.

122 1908 139 1943 ᾗ.
152 1896 255 1934 Bullatium
276 1897 349 1934 ordinis
366 1909 401 1934 seu
424 1897 522 1946 privilegia
534 1897 681 1935 Cannelitarunr
693 1901 757 1933 extare

93 1965 161 2003 asserit
170 1964 280 2002 ludovicus
288 1965 346 2011 Jacob
366 1964 411 2002 MSS
428 1966 510 2009 Parisiis,
523 1965 609 2003 Coloniae
620 1970 639 2002 et
650 1964 757 2013 ssurdignlae

93 2034 145 2082 apud
157 2033 276 2071 Carmelitas.

115 2200 135 2241 lt)
145 2198 198 2230 Anno
209 2197 250 2240 1319
261 2204 298 2229 erat
309 2196 381 2229 Parisiis
395 2207 456 2240 regens
469 2196 486 2229 in
497 2196 593 2239 theologia.
608 2195 683 2235 Denille,
694 2196 756 2230 Carru-

92 2255 164 2296 tarium,
175 2264 187 2288 t.
196 2266 232 2288 111.
244 2257 262 2289 l'.
273 2256 311 2288 o‘r'n.

113 2314 137 2356 (2)
147 2314 220 2346 Rectius
229 2313 325 2346 duodecim
335 2314 392 2355 annis,
403 2324 467 2356 nempe
474 2314 495 2346 ab
505 2323 552 2346 anno
562 2313 605 2357 1317
614 2324 670 2356 usque
681 2314 729 2355 1321,
739 2322 756 2348 et

94 2373 115 2404 ab
129 2383 176 2404 auro
187 2373 231 2414 1324
239 2383 295 2416 usque
303 2373 323 2405 ad
336 2383 402 2405 annum
415 2372 463 2405 1332.
