1616 2703
281 181 304 208 DE
313 180 403 209 onaculo
415 180 507 209 auderico
691 182 730 222 507

81 256 132 294 tect.
146 256 183 294 Vll.
196 257 265 304 (super
277 255 378 294 homiliam
391 256 453 304 seriae)

80 326 130 364 Lect.
141 325 186 363 Vlll.
197 326 219 363 Et
229 325 301 364 idcirco
310 326 356 375 quia
365 326 456 364 audacter
468 330 487 363 et
499 325 604 364 scientifice
615 326 686 365 beatus
693 326 729 377 Cy-

53 395 107 434 rillus
120 406 155 445 pro
168 395 209 445 ipsa
221 395 306 446 gloriosa
323 395 403 445 Virgine
415 400 482 434 contra
494 395 606 434 Nestorium
620 396 729 445 disputavit

52 466 72 503 in
83 465 153 503 eodem
170 466 253 503 concilio
265 469 361 504 statutum
378 466 422 510 fult,
436 465 490 515 quod
508 466 576 503 iratres
597 467 628 504 sui
648 466 728 504 Ordinis

52 534 160 584 specialiter
172 535 229 573 titulo
237 535 271 573 Dei
283 535 387 574 Genitricis
396 535 462 574 Mariae
474 535 544 573 merito
557 535 642 573 debeant
659 547 728 585 perpe-

51 611 86 643 tuo
94 604 190 654 insigniri,
203 604 264 644 veluti
276 604 315 643 veri
328 605 405 654 pugiles
417 617 453 654 pro
468 605 511 655 eius
524 605 608 654 puritate
628 616 673 643 cum
692 607 729 643 lio-

50 674 113 714 stibus
122 675 239 714 dimicaturi.
249 675 356 713 Praestante
366 675 452 713 Domino
463 680 531 713 nostro
537 676 584 722 lesu
593 674 672 713 Christo
682 686 727 713 cum

49 745 91 794 ejus
112 749 181 790 matre,
202 744 236 795 qui
259 745 306 783 vivit
324 751 343 783 et
360 750 430 794 regnat
455 745 475 782 in
500 745 571 783 secula
599 746 726 783 saeculorum.

50 816 123 853 Amen.

0 922 2 925 .
73 884 124 922 Lect.
138 885 168 922 [Χ.
182 884 232 923 Cum
245 886 305 922 semel
316 896 351 933 pro
363 885 474 922 veneranda
486 885 596 923 celebritate
611 885 662 922 beati
676 885 727 922 llila-

47 952 107 992 rionis
116 954 217 1003 quondam
228 954 313 992 eremitae
321 953 352 992 sui
365 954 383 991 in
396 954 466 992 eodem
478 958 546 992 monte
558 954 642 992 Carmeli
656 955 676 991 in
686 966 727 992 ora-

0 1046 3 1067 z
48 1023 99 1062 torio
108 1022 180 1061 ibidem
192 1034 226 1073 per
243 1024 327 1062 devotos
339 1024 407 1062 tratres
417 1010 441 1061 ad
453 1023 512 1061 fidem
525 1035 560 1073 per
572 1024 648 1062 beatam
663 1024 726 1073 Virgi-

50 1105 96 1131 nem
109 1093 143 1131 uei
154 1093 270 1143 genitricem
288 1105 397 1132 conversos
415 1094 479 1142 primo
495 1098 541 1142 post
559 1094 725 1142 Assumptionem

49 1162 138 1213 ejusdem
151 1162 237 1213 Virginis
246 1163 311 1202 Mariae
327 1162 347 1201 in
365 1164 408 1213 ejus
426 1164 501 1202 bonore
514 1163 612 1209 dedicato⁷
625 1175 724 1202 sacrarum

0 1234 3 1266 i
49 1232 261 1271 missarum-solemnia
270 1244 316 1271 cum
326 1234 384 1271 tratre
395 1232 480 1271 Eusebio
492 1233 564 1271 comite
574 1244 612 1271 suo
624 1232 725 1271 carissimo

46 1301 158 1340 inchoasset
170 1307 189 1340 et
197 1302 221 1339 ad
233 1302 289 1340 illurn
299 1302 365 1341 locum
378 1301 460 1340 canonis
478 1302 600 1351 pervenisset
610 1302 642 1340 ubi
653 1301 724 1340 dicitur

45 1371 100 1408 litura
117 1371 177 1421 igitur
188 1371 301 1410 oblationem
319 1371 356 1410 &o
373 1372 464 1420 quaedam
484 1372 579 1409 nuberula
592 1372 629 1410 sibi
642 1372 725 1409 revelata

4 1433 6 1435 ’
46 1440 106 1478 astitit
115 1447 134 1478 et
145 1442 229 1491 angelus
238 1452 273 1490 per
285 1453 330 1479 eum
343 1441 362 1479 in
375 1442 417 1490 ipsa
430 1441 522 1490 protinus
534 1441 589 1479 visus
599 1446 636 1479 est.
649 1441 684 1479 llic
695 1441 725 1478 in-

45 1521 105 1559 quam
121 1512 205 1560 angelus
217 1511 281 1549 attulit
293 1511 369 1560 virgam
381 1511 461 1549 liliatam
474 1516 493 1549 et
504 1511 592 1549 tabulam
609 1519 724 1560 argenteam

45 1579 163 1628 pendentem
176 1580 196 1618 in
208 1580 276 1619 dextra
286 1585 304 1618 et
312 1580 370 1618 aliam
385 1581 473 1618 tabulam
485 1585 600 1630 argenteam
613 1580 633 1618 in
645 1581 725 1619 sinistra

3 1657 4 1660 ’
46 1649 114 1688 litteris
125 1649 193 1699 graecis
205 1650 269 1688 aureis
287 1649 400 1699 descriptas,
412 1655 430 1688 et
442 1650 503 1688 dixit:
520 1650 558 1687 Has
575 1650 652 1688 tabulas
670 1650 724 1688 misit

3 1724 5 1726 ’
46 1718 80 1756 tibi
92 1719 145 1758 Deus
163 1719 290 1769 omnipotens
304 1724 406 1768 tamquam
419 1719 508 1757 familiari
518 1730 555 1757 suo
564 1719 628 1757 amico
640 1724 660 1757 et
674 1731 725 1768 prae-

47 1789 91 1826 coni
105 1789 163 1827 tideli.
177 1789 199 1826 Et
215 1789 263 1827 dum
282 1794 403 1834 sacramenta
419 1789 550 1838 compleveris
562 1789 598 1827 bas
617 1788 724 1838 scripturas

4 1888 6 1909 ;
46 1859 154 1896 transcribe
166 1859 185 1896 in
202 1859 324 1897 membrana.
338 1859 384 1897 Post
396 1859 438 1896 haec
450 1858 546 1896 conflabis
555 1859 632 1896 tabulas
647 1864 666 1896 et
677 1870 725 1896 con-

46 1928 140 1966 formabis
155 1928 175 1966 in
190 1928 268 1966 calicem
287 1934 306 1966 et
319 1929 443 1967 thuribulum
462 1928 487 1966 ad
499 1928 577 1966 libenda
594 1933 614 1966 et
628 1928 724 1966 adolenda

4 2024 6 2027 -
46 1996 66 2034 in
75 2009 107 2035 ara
113 1996 143 2048 (in
150 1999 198 2036 hora
204 1998 221 2048 i)
230 1998 317 2036 sacrificii
325 1998 424 2036 matutini.
434 1999 457 2036 Et
463 2003 509 2047 post
518 1998 559 2036 baec
566 1998 651 2047 angelus
658 1997 724 2047 dispa-

47 2066 92 2104 ruit.
697 2070 699 2072 ’

71 2137 159 2175 lteratam
172 2139 222 2175 hanc
239 2137 378 2176 contusionem
397 2136 526 2186 deprehendit
534 2138 635 2184 lohannes
653 2136 722 2175 Grossi

4 2232 6 2236 .
47 2204 80 2253 qui
91 2205 110 2244 in
124 2206 224 2245 Viridario
238 2207 289 2245 circa
301 2218 376 2244 annum
397 2217 446 2256 1430
459 2206 511 2244 edito
526 2206 601 2255 optime
613 2206 720 2256 distinguit

5 2326 6 2329 Ἴ
46 2272 96 2311 inter
114 2275 209 2325 Cyrillum
230 2276 362 2321 Carmelitam,
385 2276 409 2314 de
424 2287 464 2325 quo
477 2287 498 2313 ea
512 2280 591 2314 tantum
607 2276 665 2313 refert
677 2286 722 2323 quae

47 2341 152 2383 Oraculum
172 2345 285 2394 respiciunt,
304 2350 324 2383 et
341 2345 437 2396 Cyrillum
458 2344 614 2382 Alexandrinum
636 2345 659 2382 de
682 2355 723 2393 quo
