1616 2703
278 129 302 156 oe
313 127 329 156 s.
337 124 482 158 srnonr·srocrr
678 130 716 170 313

40 202 125 252 capitulo
140 195 295 254 Ayleslor'diensl
307 203 326 242 S.
348 202 450 242 Simonem
468 203 529 242 Stoclr
543 214 679 243 successorem
697 204 717 243 in

39 273 153 322 generalatu
162 273 244 323 accepit,
258 269 293 312 sed
302 278 369 312 utrum
377 284 434 311 causa
444 272 596 312 renuntiationis
613 285 638 311 an
651 274 718 313 obitus

40 342 150 392 ignoratur,
161 343 203 381 aliis
212 343 324 382 unumaliis
336 344 419 381 alterum
429 342 581 382 affirmantibus.
592 343 618 382 Ex
630 355 653 382 eo
663 344 717 393 quod

40 412 107 450 obitus
119 412 176 451 Alani
189 413 208 451 in
220 413 337 451 Kalendario
346 413 459 451 Coloniensi
467 413 492 451 ad
502 413 554 451 diem
568 422 589 451 12
598 413 717 454 Novembris

41 487 163 521 memoretur
174 481 235 534 (anno
248 494 288 521 non
297 481 402 534 expresso)
411 483 477 532 piures
486 484 578 521 auctores
587 487 717 522 autumarunt

40 552 106 601 ipsum
116 552 203 591 Coloniae
217 553 333 592 defunctum
348 552 416 598 fuisse,
428 553 483 602 quod
495 553 542 591 milri
555 564 595 591 non
616 553 717 603 probabile

39 621 117 660 videtur
126 614 171 661 cum
180 622 217 661 iste
228 628 340 661 conventus
357 624 418 672 longo
439 628 529 672 tempore
541 628 587 672 post
607 623 715 672 capitulum

39 692 169 742 Ayleslordiae
183 693 279 731 fundatus
293 692 325 737 sit,
339 704 411 742 nempe
431 693 481 731 circa
492 705 510 732 a.
528 691 588 742 1256.
597 694 617 732 ln
634 693 716 734 Actibus

39 761 155 800 Sanctorum
167 761 198 814 (r)
210 763 285 802 Alanus
298 764 348 801 inter
362 763 507 812 praetermissos
519 768 654 808 enumeratur,
667 769 717 803 atta-

36 842 84 869 men
97 823 175 871 nullum
185 827 291 882 vestigium
304 833 370 872 inveni
382 833 407 871 de
417 834 472 871 cultu
482 833 519 883 ipsi
532 833 628 882 praestito.

239 950 258 989 6.
272 952 300 990 Da
313 951 333 990 S.
346 951 420 991 Sruone
441 952 511 1001 Srocrr.

64 1068 108 1107 Vita
119 1068 139 1107 S.
161 1069 247 1108 Simonis
259 1069 326 1117 Stock,
342 1070 392 1109 sexti
404 1070 423 1108 in
445 1070 514 1109 ordine
525 1071 613 1109 Priorum
629 1070 714 1109 Genera-

37 1138 93 1186 lium‚
105 1139 196 1177 omnium
209 1139 336 1185 celeberrimi,
348 1151 389 1178 non
396 1141 457 1178 semel
464 1140 574 1190 conscripta
583 1140 628 1188 suit.
642 1141 713 1178 Praeter

37 1207 116 1246 brevem
130 1208 219 1246 notitiam
240 1220 356 1258 quaesupra
376 1210 395 1247 in
419 1210 508 1259 catalogo
523 1210 612 1248 Priorum
633 1215 713 1248 auctore

38 1276 123 1315 iohanne
134 1277 202 1316 Grossi
215 1278 304 1323 habetur,
317 1278 370 1317 idem
382 1284 450 1317 auctor
463 1279 510 1317 alias
522 1279 571 1317 duas
583 1279 650 1323 edidit,
668 1290 713 1334 quae

36 1347 56 1384 in
65 1346 148 1396 Speculo
160 1347 291 1386 Carmelitano
310 1346 341 1399 (2)
356 1349 488 1398 reperiuntur.
510 1348 601 1387 Similiter
613 1349 713 1400 Palaeony-

37 1416 98 1454 dorus
110 1416 165 1472 plura
174 1417 198 1455 de
207 1411 246 1455 isto
258 1422 327 1456 sancto
339 1418 425 1468 scripsit.
435 1417 466 1470 (3)

62 1486 113 1524 lnter
131 1498 152 1523 ea
164 1497 219 1532 vero,
237 1498 283 1536 quae
299 1487 352 1538 typis
365 1499 476 1538 numquam
489 1488 580 1536 mandata
593 1490 655 1536 tuere,
674 1488 712 1526 vsed

35 1555 100 1593 adhuc
116 1555 135 1593 in
145 1555 404 1605 bibliothecisdelitescunt,
418 1558 520 1606 sequentia
532 1558 556 1595 ad
577 1546 641 1596 meam
660 1557 712 1596 noti-

35 1624 82 1662 tiam
95 1630 239 1674 pervenerunt:
411 1675 413 1677 ι
700 1632 702 1636 ’

61 1693 86 1731 Α.
97 1694 141 1732 Vita
151 1695 275 1744 desumptae
287 1695 385 1734 Chronico
397 1696 459 1745 Egidii
470 1696 533 1735 Fabri.
555 1696 615 1745 lncip.
633 1696 709 1747 Symon

27 1762 94 1801 Stoclr
106 1764 155 1802 rexit
163 1764 221 1802 annis
233 1765 252 1803 t.
263 1763 294 1815 (4)
677 1804 679 1809 ,

60 1833 80 1871 Β.
94 1833 138 1871 Vita
150 1833 169 1871 S.
183 1833 271 1872 Simonis
283 1834 350 1880 Stoclr‚
367 1846 427 1884 quam
440 1835 553 1885 composuit
564 1836 623 1874 frater
637 1836 710 1874 Menal-

55 1996 74 2037 (Ι)
88 1995 109 2028 Τ.
124 1996 140 2028 ΙΙ
150 1996 196 2040 Aug.
209 2007 227 2040 p.
243 1997 281 2030 123.

52 2069 107 2112 (2)1.
120 2071 158 2112 133,
172 2082 190 2104 n.
204 2072 242 2105 563,
254 2073 274 2105 Ρ.
290 2073 406 2116 138.n.598,
425 2075 463 2118 599.
473 2075 561 2118 Quamvis
572 2074 666 2109 bertholdi
681 2074 709 2118 ju-

30 2126 86 2160 nioris
95 2128 190 2162 existentia
197 2141 234 2163 non
241 2139 277 2164 tam
286 2131 388 2165 indubitata
394 2132 423 2171 sir,
434 2133 505 2167 Simoni
513 2134 615 2167 secundum
628 2144 707 2168 consue-

30 2186 112 2221 tudinem
122 2196 193 2222 sextum
203 2189 263 2223 locum
275 2190 362 2224 attribuo.
388 2211 390 2214 ·

51 2245 80 2288 (3)
91 2246 168 2287 Ibidem,
179 2249 193 2280 Ι.
203 2249 236 2282 255
246 2260 285 2293 sqq.
295 2260 328 2283 nn.
337 2260 380 2294 1049
390 2261 430 2294 sqq.

50 2303 79 2347 (4)
91 2305 131 2338 MS.
145 2306 215 2350 Bodley
228 2307 256 2349 73,
265 2307 297 2342 fol.
311 2318 358 2342 rna.
369 2309 444 2354 Egidius
464 2307 518 2345 Fabri
528 2311 547 2345 S.
557 2311 592 2346 Tlr.
607 2312 673 2346 doctor
688 2319 706 2346 et

30 2356 80 2403 prior
89 2364 212 2399 Bruxeliensis
224 2365 269 2400 obiit
282 2367 303 2401 25
315 2367 410 2403 Februarii
422 2368 466 2403 1506
475 2377 573 2413 postquam
586 2370 608 2414 57
616 2376 674 2410 annos
685 2369 704 2404 in

31 2418 100 2455 Ordine
117 2422 191 2457 vixerat.
