1631 2703
365 172 512 200 BENEDICTIONES

328 309 330 311 ·
344 294 465 327 Benedictio
476 293 546 328 laridi.

138 404 231 441 Oremus.
243 403 295 442 Deus
314 403 347 451 qui
363 414 397 451 per
412 402 576 441 resurrectionem
587 402 626 458 Filii
644 403 672 440 tui
686 402 784 451 paschalia

111 473 169 511 nobis
177 473 248 522 gaudia
257 472 365 519 contulisti,
379 484 430 522 auge
442 477 461 510 et
476 472 575 510 sanctifica
593 473 660 510 collata
673 472 731 509 nobis
743 473 786 509 lraec'

111 542 162 581 dona
174 547 214 581 tuae
223 542 323 591 largitatis,
342 547 366 590 ul
377 547 453 580 mentes
477 547 549 581 nostrae
566 542 637 591 pariter
650 530 784 592 spiritunlilius

111 613 222 661 repleamur
231 612 311 651 deliciis.
322 612 357 650 Per
368 612 461 650 eundem.

331 727 453 762 Benedictio
469 727 570 761 carnium.

139 826 242 876 Oremuss
252 837 343 882 Domine,
361 838 458 877 universe
472 837 534 876 carnis
550 838 646 882 conditor,
665 837 699 885 qui
714 837 755 874 Noe
767 841 786 874 et

113 908 159 946 nnis
169 908 209 946 suis
221 908 245 945 de
257 907 337 945 mundis
353 912 372 944 et
383 907 494 946 immundis
511 907 628 945 animalibus
643 911 738 955 precepta
753 906 786 943 de-⁴

113 977 166 1019 uisu,
176 976 251 1025 quique
260 976 310 1014 sicut
322 977 374 1032 olera
386 977 491 1015 herbarum
501 978 589 1014 humano
599 977 666 1025 generi
676 977 787 1025 quadrupe-

113 1036 143 1084 dia
156 1047 231 1085 munda
241 1047 296 1084 edere
313 1046 427 1095 permisisti,
442 1047 492 1084 etin
506 1051 564 1085 nocte
578 1047 607 1084 illu
621 1058 659 1101 que
674 1057 748 1095 agnum
766 1045 786 1083 in

113 1117 202 1167 AEgypto
215 1115 278 1167 Moysi
295 1121 314 1154 et
327 1118 401 1165 populo
418 1116 437 1154 in
450 1116 513 1166 vigilia
526 1117 603 1154 Paschae
621 1117 723 1154 comedere
738 1127 787 1163 prze-

113 1186 238 1234 cipisti(Fol.
257 1185 290 1236 ja)
305 1185 324 1222 in
337 1186 400 1235 figura
415 1186 460 1235 agni
473 1186 552 1224 Domini
565 1186 627 1224 nostri
642 1186 687 1232 Jesu
707 1185 785 1230 Christi,

113 1256 169 1305 qu'us
181 1254 353 1304 sanguineomnia
368 1255 499 1304 primogenita
511 1255 545 1293 tini
558 1256 582 1292 de
595 1256 669 1293 mundo
678 1254 783 1300 redemisti,

114 1330 133 1362 et
145 1324 176 1362 illa
194 1329 252 1362 nocte
274 1336 335 1362 omne
355 1325 509 1373 primogenitum
533 1325 553 1362 in
574 1325 663 1374 AEgypto
686 1329 787 1373 perculere

115 1394 232 1443 precepisti,
244 1405 324 1432 servans
341 1395 438 1443 populum
453 1399 511 1432 tuum
524 1394 570 1444 agni
583 1393 678 1444 sanguine
691 1398 788 1443 praenota-

114 1468 175 1508 tum,
193 1455 275 1513 dignare
295 1463 379 1501 Domine
399 1462 475 1515 bene†
495 1463 557 1502 dicere
570 1469 588 1501 et
611 1463 731 1501 sanctificare
753 1465 788 1501 lias

115 1533 183 1571 orium
206 1533 324 1570 mundarum
343 1545 418 1578 carnes,
432 1538 454 1571 ut
470 1534 592 1582 quicumque
612 1546 636 1571 en
651 1534 729 1582 populis
749 1533 788 1571 tuis

115 1603 239 1641 lidelibusdc
251 1602 278 1640 eis
290 1603 418 1647 comederint,
432 1603 486 1640 omni
496 1603 546 1640 bene
555 1601 569 1655 †
582 1603 666 1640 dictione
680 1603 755 1640 coelesli
770 1608 788 1640 et

115 1672 176 1722 gratia
186 1677 219 1709 tua
229 1672 249 1709 in
261 1671 319 1710 bonis
331 1673 410 1710 saturati
421 1672 539 1721 repleantur.
553 1672 587 1709 Per
599 1672 714 1710 Dominum.

202 1786 325 1820 Benedictio
331 1788 376 1821 vini
388 1788 409 1820 in
416 1787 450 1821 die
457 1787 469 1821 J
471 1787 701 1831 eannis1Evanqelislee.

143 1897 264 1945 Antiphone.
278 1898 298 1934 ln
308 1897 400 1935 ferventis
410 1898 446 1935 olei
459 1896 533 1935 dolium
547 1898 620 1936 missus
629 1898 713 1945 loannes
724 1898 789 1946 Apos-

116 1967 169 2004 tolus
181 1966 246 2004 divina
256 1977 277 2004 se
286 1971 402 2016 protegente
412 1967 473 2016 gralia
485 1966 558 2005 illaesus
567 1966 632 2005 exivit.
642 1969 666 2018 pl.
680 1966 756 2005 cibavit
767 1967 789 2005 il-

117 2036 158 2073 lum
167 2035 261 2073 dominus
273 2046 323 2083 pane
335 2036 380 2073 vite
399 2041 418 2073 el
430 2036 547 2074 intellectus.
567 2036 596 2085 R).
621 2037 642 2074 Et
654 2036 790 2084 aquasapien-

117 2105 148 2142 tiae
166 2104 256 2142 salutaris
282 2105 357 2153 potavit
370 2117 422 2143 cum.
437 2107 461 2156 i.
477 2106 520 2143 Non
539 2105 605 2150 nobis,
633 2105 725 2152 Domine,
749 2117 789 2143 non

116 2168 183 2211 nobis.
193 2174 222 2223 ΓΕ.
239 2173 276 2210 Sed
289 2174 363 2211 nomini
378 2179 413 2212 tuo
423 2175 447 2212 da
458 2175 548 2223 gloriam.
568 2175 652 2212 Domine
663 2174 732 2212 exaudi
749 2186 791 2212 ora-

116 2244 191 2281 tionem
204 2254 276 2280 ineam.
298 2242 395 2281 Dominus
417 2244 528 2282 vobiscum.
548 2240 643 2282 Collecnj
657 2244 790 2293 Omnipotens

118 2312 237 2360 sempiterne
248 2312 300 2350 Deus
320 2313 353 2360 qui
376 2313 467 2350 dilectum
489 2313 607 2361 discipulum
628 2319 686 2351 tuum
710 2313 789 2352 beatum

114 2381 210 2427 loannem
221 2381 338 2419 illaesunrcle
355 2382 423 2419 ardore
435 2383 526 2420 ferventis
549 2383 586 2420 olei
604 2382 697 2429 liberasti,
718 2388 789 2421 eteum

118 2449 240 2487 mortiterum
253 2461 352 2487 venenum
370 2451 412 2488 sine
428 2451 514 2500 periculo
532 2451 618 2500 corporis
632 2451 662 2489 sui
675 2456 752 2499 portare
764 2453 790 2490 fe-
