1631 2703
288 81 394 109 cariTuuuu
419 83 468 120 1250
677 81 716 120 217

49 157 179 205 Lugdunense
188 167 239 193 anno
255 167 304 203 1274
313 155 404 204 largitum
421 155 466 207 est(
481 157 496 207 ).

75 225 127 269 Quid
137 236 183 261 vero
192 230 261 273 praeter
273 225 387 261 electionem
397 225 416 262 S.
430 224 515 262 Simonis
527 224 587 262 Stock
602 225 621 262 in
636 236 717 274 genera«

49 295 87 331 lem
97 298 116 331 et
125 293 239 342 petitionem
249 304 329 331 summo
340 293 425 341 pontifici
438 305 473 342 pro
485 294 624 341 approbatione
637 299 655 331 et
665 294 717 331 miti-

48 362 127 411 gutione
137 363 208 410 regulae
220 362 357 411 porrigendam
368 362 386 399 in
397 363 434 400 isto
446 363 531 411 capitulo
544 373 595 399 anno
613 373 660 411 1247
671 364 717 400 cele-

49 433 104 469 brato
116 439 181 469 actum
196 431 221 469 sit
236 432 336 469 memoriae
351 432 442 469 traditum
456 443 496 469 non
511 437 547 469 est.
558 432 576 469 Si
586 443 662 479 quaeras
673 431 717 479 qui-

49 512 94 537 nam
105 500 175 537 tuerint
183 499 202 536 in
214 499 298 548 capitulo
311 505 418 548 praesentes
427 499 536 548 respondeo
549 504 618 548 practer
629 500 715 538 Simonis

48 580 70 607 ac
78 569 175 618 Radulphi
183 569 301 612 Fresnburn,
315 568 348 617 qui
360 581 384 606 eo
393 574 481 617 tempore
491 568 629 618 provincialem
639 569 714 617 Angliae

48 638 117 687 agebat
137 638 189 675 nulla
207 637 287 675 nomina
301 639 325 675 ad
335 649 371 675 nos
389 649 453 686 usque
474 637 593 686 pervenisse.
614 636 718 675 Dubitatur

48 707 106 746 etiam
118 708 142 744 de
154 718 237 745 numero
250 707 407 755 provinciarum
420 711 496 745 constat
508 707 576 744 saltem
594 711 633 744 tres
648 706 715 753 tuisse,

48 775 90 813 scil.
100 775 164 812 Terrae
176 775 251 813 Sanctae
263 786 298 813 seu
307 775 372 825 Cypri,
382 775 451 812 Siciliae
459 780 477 812 et
489 774 573 823 Angliae3
585 774 608 811 de
617 775 718 812 conventi-

48 845 85 881 bus
105 855 151 882 vero
170 844 311 882 Valencenensi
329 849 387 892 atque
404 844 550 892 Aquaelatarum
564 850 630 881 utrum
646 846 684 891 lam
697 844 715 881 in

47 913 156 961 provincias
167 913 251 951 Franciae
260 918 279 950 et
290 913 395 951 Provinciae
404 913 462 950 erecti
475 912 552 956 tuerint,
565 912 631 951 minus
641 918 716 951 certum

49 985 85 1019 est.

74 1050 133 1088 Aliud
144 1050 258 1098 capitulum,
269 1055 290 1088 ut
302 1062 326 1088 ex
335 1050 390 1088 dictis
401 1051 467 1098 liquet,
479 1051 526 1087 circa
535 1061 609 1089 annum
626 1062 674 1100 1250
686 1063 717 1088 ce-

49 1118 116 1156 lebrari
129 1119 202 1164 debuit,
215 1125 234 1157 at
247 1120 325 1157 ubinam
340 1120 429 1168 gentium
442 1120 498 1167 plane
514 1119 657 1168 incompertum
678 1126 714 1158 est.

48 1188 66 1225 ln
79 1187 111 1225 illo
122 1189 188 1238 regula
197 1189 221 1226 ab
234 1188 347 1226 innocentio
358 1189 382 1226 IV
391 1194 475 1226 correcta
491 1192 510 1226 et
523 1188 609 1237 mitigata
619 1189 717 1237 publican-

48 1257 72 1294 da
81 1262 121 1294 erat
131 1262 190 1305 prout
197 1257 272 1295 eruitur
283 1269 307 1294 ex
315 1256 389 1294 Siberto
398 1258 421 1294 de
433 1257 482 1294 ueta
492 1257 520 1295 ue
530 1258 654 1295 consideratis
662 1262 717 1305 super

49 1325 197 1363 Camaritarum
217 1327 290 1375 regula,
306 1326 325 1363 in
341 1325 386 1370 fine,
400 1325 432 1363 ubi
446 1325 538 1363 dicitur«
550 1337 610 1374 quam
629 1326 716 1376 regulam

48 1394 85 1442 ipsi
97 1394 227 1432 commissarii
239 1393 269 1444 (2)
280 1400 300 1432 ut
313 1394 438 1443 praemittitur
446 1395 569 1439 declaratam,
583 1401 689 1432 correctam
698 1400 717 1433 et

50 1462 157 1511 mitigatam
169 1474 191 1500 ac
199 1463 266 1512 sigillis
276 1475 343 1501 eorum
354 1463 464 1511 sigillatam,
477 1463 573 1501 miserunt
585 1463 643 1511 priori
655 1475 717 1513 gene-

49 1531 81 1568 rali
92 1536 111 1569 et
128 1531 213 1579 capitulo
225 1532 310 1581 generali
327 1537 399 1569 nostrae
410 1532 508 1580 religionis
517 1537 539 1569 ut
551 1533 618 1569 iratres
630 1544 672 1570 eam
684 1532 729 1570 fir--

50 1600 105 1637 miter
114 1601 242 1638 observarent
253 1606 272 1637 et
283 1602 307 1637 ad
325 1600 385 1637 instar
397 1600 484 1648 ejusdem
496 1600 542 1638 alias
560 1601 637 1649 regulas
646 1613 716 1639 eorum

49 1669 168 1717 corrigerent
176 1667 206 1719 (3)
218 1681 237 1707 a.
251 1669 337 1707 Dubitari
346 1674 410 1717 potest
421 1674 516 1717 agaturne
526 1669 556 1707 his
568 1669 642 1707 ultimis
652 1671 716 1708 verbis

50 1741 124 1775 tantum
137 1738 161 1774 de
175 1737 216 1775 aliis
228 1738 372 1787 exemplaribus
390 1738 464 1786 regulae
478 1749 501 1775 an
514 1749 561 1775 vero
578 1738 601 1776 de
618 1738 717 1787 aliquibus

48 1805 223 1844 constitutionibus
232 1806 268 1854 ipsi
282 1807 354 1856 regulae
364 1806 511 1855 superadditis?
522 1806 605 1845 Constat
613 1808 661 1845 tales
673 1819 718 1845 con-

70 1986 91 2024 tr)
104 1985 124 2017 C.
136 1984 257 2031 Religionum,
268 1985 289 2017 de
300 1984 350 2026 relig.
363 1986 412 2017 dom¹
424 1984 442 2017 in
451 1986 474 2017 Vl
489 1993 513 2017 to.

70 2045 90 2084 tal
101 2043 201 2075 Cardinalis
212 2044 284 2084 Hugoa
302 2044 320 2076 S.
336 2043 382 2075 Caro
393 2051 410 2076 et
424 2043 525 2076 Gulielmus
538 2043 634 2086 episcopus
643 2046 717 2077 Antera-

48 2101 114 2140 densis,
125 2111 201 2144 uterque
211 2101 281 2134 ordinis
290 2102 364 2134 fratrum
377 2102 525 2135 Praedicatorum.

71 2159 91 2199 β]
101 2159 199 2201 Speculum
207 2160 284 2192 Carmel.
293 2160 394 2202 antiquum,
402 2160 482 2193 Venetiis
490 2160 540 2202 1507,
550 2160 579 2193 iol.
588 2160 621 2193 tab
629 2172 633 2201 3
642 2171 716 2202 novum,

48 2218 242 2260 Anrtverpiae1ota‚l.
255 2218 283 2261 877
296 2229 314 2251 n.
327 2219 366 2261 369.
