1616 2703
100 90 137 127 304
361 88 508 117 nouorarroues
546 94 548 97 ·

96 164 177 202 Certum
188 168 218 201 est
231 166 317 212 primum
326 175 336 200 e
346 163 495 201 Carmelitarum
508 163 582 202 Ordine
598 164 632 213 qui
641 165 772 202 demonstrari

96 233 160 281 possit
177 234 284 271 Oraculum
304 233 432 282 cognovisse,
457 233 518 271 ruisse
536 233 614 271 Petrum
632 233 725 284 Maymeti
741 232 772 283 (1)

96 303 129 350 qui
141 313 194 340 anno
210 303 259 352 1348
270 301 346 340 Parisiis
356 302 411 340 obiit.
426 302 495 340 baleus
508 302 532 339 de
544 302 588 351 ipso
598 307 681 340 testatur
693 313 705 340 r<
713 302 772 353 Cyril-

95 372 108 408 li
126 371 250 420 prophetiam
267 371 332 420 pravis
349 372 477 420 scriptoribus
495 377 608 421 corruptam
626 371 740 410 lucidiorem
753 375 773 409 et

97 440 256 479 emaculatiorem
266 440 357 478 reddidit.
371 443 402 489 (2)
413 452 425 479 1)

123 509 213 548 Eceteris
223 509 335 548 auctoribus
350 509 430 548 Ordinis
442 510 531 560 ejusdem
541 510 606 548 saeculi
621 510 691 548 decimi
708 510 772 559 quarti

96 579 282 627 solumlohannem
292 580 316 617 de
338 579 458 617 llildesheim
477 579 543 617 inveni
554 579 587 628 qui
605 580 711 618 Oraculum
726 580 773 616 affe-

96 654 131 686 rat.
142 650 173 697 (3)
183 650 208 686 At
217 660 270 686 anno
283 646 331 697 1386
342 648 414 697 prodiit
423 649 471 686 liber
479 648 625 702 Telesphoride
633 648 725 687 Cusentia
734 659 773 686 ere-

97 719 150 756 mitae
159 719 188 756 De
196 718 294 755 deuotione
301 717 399 766 religionis
408 720 428 755 et
434 718 515 756 ecclesio
523 718 625 756 militantis
634 718 694 767 lncip.
706 730 718 756 <r
726 717 772 755 Ter-

95 787 121 824 tia
133 787 164 824 die
181 787 300 836 Septembris
319 786 338 824 in
358 788 438 825 heremo
450 787 491 836 agri
514 787 617 829 Herculani
630 799 701 836 vprope
722 786 773 824 The-

96 857 131 894 bas
143 869 154 894 »
167 855 204 906 (4),
214 856 233 893 111
246 867 286 904 quo
294 856 372 894 abunde
384 857 408 893 de
420 856 439 894 S.
451 856 524 906 Cyrillo
534 861 553 894 et
562 857 647 895 Oraculo
657 856 705 905 agit,
716 857 772 905 cujus

97 926 156 963 verba
163 937 242 974 semper
249 925 287 963 sub
296 925 333 963 ista
342 926 427 963 formula
436 925 523 964 adhibet:
531 926 577 964 llaec
584 926 629 964 dicit
636 925 719 975 Spiritus
725 924 774 963 San·

98 994 771 1044 ctusExtuncvideturOrdoCyrilluminmagnolronorelrabuisse.

97 1063 194 1108 Quamvis
206 1063 259 1100 enim
272 1063 371 1109 lohannes
383 1063 452 1101 Grossi
463 1074 516 1102 anno
528 1075 578 1115 1990
590 1075 630 1113 quo
643 1064 730 1113 primum
742 1075 772 1101 ca-

96 1134 185 1181 talogum
195 1133 283 1170 Priorum
296 1133 418 1182 generalium
431 1132 545 1181 composuit
554 1133 578 1170 de
589 1133 733 1188 Cyrilloadbuc
744 1137 772 1170 ia-

95 1206 144 1246 ceat,
158 1212 231 1250 paucos
240 1207 285 1250 post
292 1213 355 1240 annos
364 1201 476 1251 Capitulum
487 1203 577 1251 generale
586 1202 611 1239 A.
622 1202 646 1257 Dr
661 1213 711 1253 1399
723 1201 773 1239 cele-

96 1272 175 1309 bratum
184 1270 269 1308 decrevit
284 1282 295 1308 <r
307 1271 353 1308 ltem
367 1270 484 1309 ordinarunt
495 1271 550 1319 quod
559 1271 629 1309 eodem
639 1272 700 1309 modo
717 1271 739 1319 (i.
753 1283 770 1308 e.

95 1352 117 1378 ac
126 1342 199 1378 testum
209 1340 228 1378 S.
249 1339 321 1391 Elisaei)
333 1340 366 1378 frat
377 1340 433 1378 omni
450 1351 503 1378 anno
524 1340 611 1378 officium
625 1341 648 1377 de
657 1340 676 1378 S.
699 1340 772 1391 Cyrillo

94 1410 175 1448 doctore
185 1409 257 1447 Montis
267 1408 350 1446 Carmeli
362 1414 382 1447 et
393 1410 514 1457 confessore,
528 1410 584 1456 cujus
600 1410 674 1447 festum
687 1410 772 1447 celebra-

95 1484 127 1517 tur
144 1478 229 1527 septimo
245 1477 290 1516 ldus
307 1477 369 1515 lrlartii
382 1477 454 1515 scilicet
470 1477 500 1515 die
515 1483 569 1516 sexta
584 1478 673 1527 ejusdem
689 1478 771 1522 mensis,

95 1548 212 1586 mandantes
219 1547 317 1596 prioribus
324 1546 477 1596 provincialibus
485 1551 584 1596 quatenus
590 1547 640 1585 dicta
646 1549 696 1586 resta
703 1547 773 1585 iaciant

95 1617 155 1656 inseri
167 1616 187 1655 in
200 1616 322 1655 Kalendariis
339 1627 419 1654 suarum
439 1616 585 1665 provinciarum
597 1615 634 1667 (5).
654 1629 665 1654 a
678 1616 772 1667 Officium

96 1686 259 1736 componendum
280 1684 339 1724 Fratri
360 1685 450 1724 Conrado
469 1686 492 1723 de
504 1685 619 1734 Aldendorp
631 1685 771 1724 demandatum

118 1845 140 1886 (11
153 1845 178 1877 De
187 1844 226 1886 ipso
239 1843 285 1876 inira
294 1843 341 1877 inter
354 1844 452 1887 magistros
462 1843 581 1877 parisienses.

118 1905 141 1945 (al
152 1902 192 1936 MS.
203 1902 277 1945 Harley,
291 1902 342 1941 3838,
356 1902 387 1935 fol.
403 1913 433 1945 ¹7²
446 1903 464 1935 b.

119 1960 309 2004 [313000111611111101.
323 1962 337 2002 1,
351 1961 389 2003 148,
402 1971 420 1993 n.
431 1961 470 1994 655.

116 2020 178 2063 141118
189 2019 259 2062 Bodley
268 2019 296 2062 73,
307 2018 435 2062 1014111500.
447 2018 503 2052 Ehrle
513 2019 525 2052 l.
536 2029 552 2052 c.
563 2019 582 2051 P.
594 2019 624 2052 331
637 2029 655 2052 n.
665 2030 683 2061 4.
695 2018 771 2062 Exposi-

94 2078 120 2111 tio
130 2078 191 2121 magni
203 2078 298 2121 prophetae
307 2076 391 2110 Joaehim
403 2077 422 2109 in
437 2077 504 2110 librum
514 2076 579 2120 Cyrilli
592 2077 614 2110 de
628 2077 698 2121 magnis
711 2077 771 2110 tribu-

94 2136 194 2170 lationibus
205 2145 223 2169 et
234 2144 281 2169 statu
295 2136 377 2169 ecclesiae
390 2147 431 2169 cum
446 2135 576 2179 compilatione
593 2136 730 2179 Theolosphori
749 2136 772 2168 de

96 2195 188 2228 Cusentia.
206 2194 294 2235 Venetus,
311 2194 385 2228 Soardis
404 2195 452 2228 1516.
466 2195 519 2227 Hanc
541 2204 575 2238 ego
588 2194 663 2237 quidem
676 2205 713 2227 non
724 2194 771 2235 vidi,

96 2255 128 2287 sed
139 2253 242 2286 versionem
255 2253 351 2296 gallicam:
364 2253 420 2287 Livre
430 2252 547 2286 merveilleox
561 2258 656 2287 conrenanr
670 2264 692 2287 en
705 2253 773 2300 brasio

90 2313 142 2357 fleur
154 2312 483 2356 0151151011001109111510111511111101.
497 2308 525 2344 etc
539 2311 595 2353 Paris,
612 2313 661 2346 1565.

117 2371 147 2413 (5)
159 2371 232 2404 Lezana
246 2370 277 2411 IV,
288 2370 329 2403 255.
