1631 2703
308 104 390 133 nuenrco
401 104 447 133 xxm
690 97 711 143 81

43 178 167 230 provincialis
179 179 268 229 eligatun
285 179 331 224 Quo
343 179 405 217 electo
420 178 474 228 prior
485 179 609 229 provincialis
621 191 656 229 pro
668 191 714 219 casu

40 248 121 287 fortuito
133 237 247 287 auctoritate
259 260 294 287 sua
306 248 365 287 alium
379 249 493 293 substituat,
507 249 541 298 qui
552 249 608 299 primi
624 250 716 288 deficien-

40 317 66 356 tis
75 318 108 356 vel
119 318 192 356 infirmi
201 319 254 357 vices
266 319 383 368 suppleatet
392 318 535 356 auctoritatem
543 319 614 356 lrabeat
624 319 648 356 ad
660 330 715 367 quae-

41 376 133 436 cumque,
145 400 180 427 nec
188 393 254 426 tamen
264 388 289 427 sit
301 387 416 438 praesidens,
433 389 462 425 vel
475 388 548 437 aliquid
560 388 639 427 ordinet
648 389 678 427 vel
689 390 716 426 la-

41 457 77 494 ciat
88 446 155 494 contra
167 458 313 495 ordinationem
325 458 489 506 vel-praeceptum
499 458 569 506 prioris
581 458 714 507 provincialis,

41 526 71 565 vel
81 525 155 575 aliquid
170 531 234 564 mutet
245 527 269 564 de
279 531 331 564 statu
340 525 453 575 provinciae,
464 526 540 575 absque
551 526 637 565 maxima
649 538 714 575 neces-

41 596 97 634 sitate
112 600 132 633 et
143 595 225 645 consilio
235 596 343 639 saniorum,
357 606 463 644 quousque
475 607 485 633 a
497 596 584 645 capitulo
595 597 679 645 generali
692 596 716 633 de

41 664 165 714 institutione
176 665 239 714 ipsius
253 666 283 703 vel
300 665 379 703 alterius
392 665 508 703 mandatum
521 665 611 703 habuerit
625 666 714 715 speciale.

33 734 63 776 ,Εῖ
79 746 103 773 ex
121 739 169 773 tunc
191 735 215 773 ab
227 734 283 772 omni
295 722 410 773 executione
430 734 489 772 officii
506 739 569 772 cesset
580 735 667 780 indilate,
678 735 717 773 sub

41 814 100 853 poena
116 802 212 853 gravioris
226 804 290 852 culpae
304 803 414 842 secundum
427 803 541 852 qualitatem
554 808 573 841 et
584 804 715 853 quantitatem

42 884 124 911 suorum
132 884 236 912 excessum
247 872 284 911 sibi
296 872 474 922 injungendorum.
488 883 521 920 24.
530 873 582 911 idem
595 861 619 911 de
627 873 717 923 subprio-

42 943 96 982 ribus
107 947 126 981 et
136 942 178 981 aliis
191 942 282 981 iratribus
290 942 343 981 vices
351 942 434 991 alicujus
444 942 514 991 prioris
523 942 547 980 ad
555 947 636 992 tempus
645 954 716 993 geren-

41 1013 95 1051 tibus
106 1023 140 1062 pet
149 1011 216 1050 omnia
228 1012 323 1050 volumus
334 1011 441 1050 observari.
450 1022 482 1061 25.
493 1012 521 1049 De
530 1012 662 1061 publicatione
670 1025 716 1051 vero

42 1081 177 1121 ordinatorum
185 1093 219 1131 per
225 1080 365 1119 diffinitionem
373 1085 392 1119 et
399 1081 542 1119 commissione
550 1081 661 1133 officiorum
671 1093 716 1120 cum

42 1150 110 1189 litteris
121 1155 141 1188 et
149 1150 220 1200 sigillis
231 1162 253 1188 ac
265 1150 439 1188 commendatione
450 1150 542 1188 vivorum
555 1151 588 1188 fiat
600 1150 651 1189 sieut
662 1151 682 1189 in
693 1151 717 1188 i.-

44 1232 67 1258 ne
75 1219 165 1259 Rubricae
172 1219 255 1268 Capituli
265 1219 362 1269 generalis
374 1219 472 1269 signatur.

108 1321 169 1361 Runa:
183 1321 242 1360 XXV.
256 1321 284 1359 Da
295 1331 437 1360 aennmanone
451 1331 534 1360 emirum
546 1331 649 1360 nemausus
696 1338 698 1343 v

292 1411 316 1440 ET
327 1411 463 1440 Puovtuclntts.

73 1515 90 1542 1.
107 1503 252 1542 Terminabitur
267 1507 333 1541 autem
351 1508 460 1553 utrumque
476 1502 584 1552 capitulum
597 1503 637 1541 sic:
650 1503 718 1542 Praesi-

44 1574 93 1612 dens
104 1574 134 1613 vel
143 1579 211 1612 cantor
224 1573 305 1622 incipiat
325 1572 348 1611 Te
362 1574 423 1612 Dema
436 1574 536 1611 latitamus
548 1573 614 1611 eundo
623 1573 647 1611 ad
659 1574 718 1612 eccle-

37 1643 94 1681 siam
106 1648 125 1681 et
134 1643 202 1682 iratres
211 1643 268 1681 celeri
282 1648 434 1692 prosequantur.
445 1644 490 1689 Quo
502 1643 558 1682 linito
571 1643 647 1682 dicatur
661 1643 719 1693 Kyrie

44 1715 68 1751 el.
83 1713 159 1752 Christe
174 1715 199 1752 el,
220 1713 279 1762 Xyrie
295 1715 319 1751 el.
333 1714 392 1751 Peter
403 1715 472 1752 noster.
490 1713 512 1750 Et
527 1713 618 1762 praelatus
632 1719 687 1752 stans
699 1713 719 1751 in

45 1784 102 1822 stallo
111 1795 148 1823 suo
157 1783 208 1822 dicat
214 1783 238 1821 Et
247 1795 269 1821 ne
278 1794 318 1822 nos.
329 1782 378 1834 (Fol.
392 1781 418 1821 26
426 1783 448 1831 b)
458 1786 475 1836 >l
484 1783 552 1821 Emitte
560 1783 648 1831 spiritum
658 1778 718 1822 tinem

45 1855 68 1904 X·
81 1853 155 1891 Μιηιᾱα
166 1854 225 1891 Dens.
235 1856 258 1906 p
270 1853 337 1891 Sanos
357 1865 379 1890 ee
386 1864 456 1890 servos.
466 1855 490 1905 p.
506 1851 546 1890 Oro
563 1856 600 1900 pro
611 1853 665 1890 azotis
675 1864 721 1891 soa-

45 1925 75 1961 cto
87 1924 125 1961 Dei
141 1924 234 1974 genitrix.
247 1926 270 1975 p.
284 1923 365 1961 Doim'ne
378 1922 456 1961 exandi.
469 1925 493 1975 p.
509 1923 603 1961 Dominus
616 1923 718 1962 nobiscnm.

48 1992 134 2032 Or'enms.
148 1994 199 2031 Dens
208 1994 242 2043 qni
250 1995 314 2031 cordo.
329 1992 452 2040 Omnipotens
462 1993 574 2040 sempiterne
582 1994 634 2031 Dens
644 1993 679 2042 qni
687 1993 721 2043 sa-

46 2062 72 2100 cis
83 2063 188 2102 mirabilia.
210 2064 262 2101 Dens
272 2062 372 2101 oz'rtntum.
391 2063 471 2112 Protege
482 2062 562 2100 Domine
574 2063 660 2112 ferriarios
671 2065 719 2110 taos.

73 2133 152 2179 Qubus
164 2133 268 2183 completis
279 2133 314 2171 fiat
324 2132 421 2183 generalis
432 2132 538 2177 absolutio,
549 2137 569 2171 et
578 2137 640 2171 cetera
652 2137 675 2171 ut
688 2144 722 2171 su-

48 2203 113 2251 perius
125 2208 173 2242 sunt
185 2207 258 2242 notata.
303 2215 305 2217 ’

169 2305 233 2344 Ruen.
244 2305 310 2343 XXVI.
320 2304 348 2342 De
360 2314 604 2343 caerauiocouvenruan.

53 2425 55 2427 ·
79 2418 96 2447 1.
108 2407 225 2462 >Capitulum
242 2407 373 2460 conventuale
387 2406 406 2445 in
418 2406 505 2461 qualibet
517 2406 627 2460 septimana
639 2417 673 2455 per
685 2406 724 2461 pri-

651 2489 659 2515 a
