1631 2703
283 145 351 174 GENER.
364 145 383 172 a.
398 147 416 173 o.
432 142 488 184 1423.
685 140 721 185 189

19 270 21 272 ‚
55 216 81 253 mi
90 206 175 266 Magistri
184 218 258 257 ordinis
272 222 302 257 vel
314 221 392 259 alterius
404 222 477 270 preelati
489 220 508 258 in
524 220 565 259 suis
580 223 719 266 conventibus,

55 286 97 324 sine
106 298 196 336 erpressa
210 288 285 327 licentii
298 290 328 328 sui
341 290 409 339 prioris
421 290 551 339 provincialis,
568 291 605 328 sub
622 302 680 339 poena
690 302 722 328 ex-

54 357 237 397 communicationis
254 364 273 395 et
287 359 404 397 rebellionis.
426 359 516 409 (Reditur
527 360 550 395 ad
568 360 601 396 tol.
617 359 663 410 59b)
675 361 721 398 Item

54 425 175 472 ordinamus
183 428 237 476 quod
245 428 268 465 de
278 433 340 466 cetero
349 429 477 466 nullusirater
485 428 541 465 vadat
549 429 573 465 de
587 435 686 467 conventu
697 429 720 465 ad

54 500 172 533 conventum
179 496 343 545 veldeprorincia
354 497 378 534 ad
385 496 513 545 provinciam,
521 496 563 534 siue
570 496 721 545 licentiaprioris

54 563 183 611 provincialis,
197 566 242 604 etsi
255 565 313 613 aliqui
326 567 445 614 reperiantur
454 566 508 609 tales,
520 565 644 613 praecipimus
658 566 722 603 omni-

54 632 90 670 bus
109 633 206 681 prioribus
224 634 373 682 provincialibus
388 639 406 671 et
415 634 509 672 localibus
522 634 545 670 de
563 634 634 671 virtute
649 639 722 671 sanctae

54 702 169 739 obedientiae
178 707 196 740 et
205 703 242 740 sub
252 714 310 751 poena
319 702 437 746 rebellionis,
452 707 549 750 quatenus
558 703 605 740 rates
617 702 721 751 corripiant

53 771 83 806 vel
94 771 135 819 capi
147 771 240 808 laciantet
251 771 358 808 carceribus
379 770 452 808 ordinis
465 771 584 819 mancipent,
606 776 625 807 et
635 771 668 819 qui
681 771 721 808 sint

53 838 77 875 de
87 838 148 876 aliena
157 838 255 887 provincia
268 840 291 877 ad
302 839 399 887 propriam
416 839 501 882 redeant,
522 839 559 876 sub
575 850 633 887 poena
646 849 722 876 excom-

54 906 200 945 manicationis.

79 977 126 1013 Item
139 976 268 1024 praecipiendo
278 976 395 1013 mandamus
404 975 428 1012 de
441 976 511 1012 virtute
525 981 597 1012 sanctae
605 974 721 1012 obedientiae

53 1050 72 1081 et
81 1044 118 1082 sub
127 1055 185 1092 poeua
195 1044 403 1082 excommunicationis
415 1045 457 1081 latae
470 1044 578 1086 sententiae,
599 1055 658 1091 quarn
677 1043 721 1080 ieri-

54 1123 99 1150 mus
110 1111 128 1149 in
141 1112 170 1149 his
182 1112 265 1159 scriptis,
279 1116 376 1160 quatenus
391 1112 457 1149 nullus
469 1112 538 1148 audeat
548 1111 679 1149 contradicere
691 1112 720 1149 vel

53 1180 147 1228 appellare
158 1192 167 1216 a
177 1180 350 1217 constitutionibus
359 1180 508 1227 suprascriptis;
521 1181 574 1227 quod
587 1180 602 1216 si
615 1179 684 1227 aliquis
697 1181 721 1215 le-

53 1248 105 1292 cerit,
130 1248 270 1286 denuntiamus
288 1249 353 1296 ipsum
371 1248 488 1285 sententiam
510 1247 721 1285 excommunicationis

52 1316 156 1354 incurrisse
168 1321 186 1354 et
195 1327 237 1353 esse
250 1316 346 1364 privatum
359 1327 414 1360 voce,
426 1316 475 1359 loco,
489 1316 558 1363 gradu,
578 1320 629 1353 statu
648 1320 666 1351 et
678 1315 721 1352 offi-

53 1396 89 1422 cro.

343 1484 424 1531 Explicit

202 1805 231 1843 DE
247 1805 435 1855 ANTtQtlmlelssus
447 1805 568 1843 capitulis

75 1945 152 1978 Maxime
159 1945 257 1977 dolendum
265 1953 303 1977 acra
310 1945 429 1987 capitulorum
436 1944 560 1987 antiquiorum
568 1952 674 1977 conservata
683 1954 721 1976 non

52 2002 113 2043 fuisse,
124 2003 151 2035 rix
160 2003 209 2035 enim
221 2003 289 2045 sperari
301 2010 359 2045 potest
371 2013 391 2035 ea
398 2002 464 2035 alicubi
474 2002 584 2035 delitescere.
597 2002 721 2035 Nihilominus

52 2068 150 2103 supersunt
158 2060 251 2093 nonnulle
261 2060 330 2092 noririae
340 2071 391 2103 quas,
399 2068 445 2093 nect
455 2060 498 2102 ipsae
505 2060 592 2102 temporis
602 2060 678 2092 decursu
686 2059 721 2091 mi-

54 2129 92 2151 sere
105 2127 186 2160 pereant,
196 2118 225 2150 hic
235 2118 253 2150 in
265 2128 322 2150 unum
333 2118 417 2161 colligere
429 2125 507 2160 oportet.

74 2176 123 2208 Inter
133 2175 191 2208 varios
198 2175 228 2219 qui
236 2176 258 2208 ad
265 2186 298 2208 nos
306 2186 364 2218 usque
372 2184 460 2208 venerunt
468 2175 588 2217 capitulorum
599 2174 668 2207 indices
676 2185 720 2217 prae·

53 2233 116 2274 cipuos
125 2241 195 2265 tantum
204 2234 284 2265 edendos
294 2233 355 2275 selegi,
366 2242 383 2265 et
392 2234 450 2276 primo
463 2232 536 2275 quidem
549 2232 650 2275 catalogum
659 2243 667 2263 a
678 2234 717 2264 illa-

52 2291 107 2333 gistro
116 2290 170 2323 fratre
180 2291 251 2324 Siberro
263 2292 285 2323 de
297 2291 346 2324 Belia
360 2291 464 2323 inchoatum
482 2298 499 2322 er
510 2291 532 2322 ab
541 2290 576 2322 alio
594 2289 686 2332 incoguiro
696 2291 719 2322 ad

52 2358 120 2380 annum
133 2349 176 2390 1389
186 2349 307 2391 perduerun1;
320 2349 400 2381 secundo
410 2358 452 2380 vero
466 2346 652 2389 indicemalllagistro
664 2347 718 2381 fratre

52 2406 122 2439 Joanne
131 2405 191 2439 Trissa
201 2406 309 2439 coniectum.
