1631 2703
220 134 222 138 ³
276 103 345 132 cenea.
358 104 378 131 a,
394 104 412 131 o.
432 91 488 145 1362.
679 95 714 145 183

49 176 68 214 in
88 177 129 215 suis
149 177 319 226 praedicationibus
335 190 374 217 non
393 179 475 217 doceant
490 178 601 229 prophetias
617 190 651 217 nec
667 180 716 220 tacta

48 251 129 284 ventura
138 247 266 285 determinate
276 248 312 286 nisi
322 260 412 297 expressa
424 249 443 286 in
453 260 507 287 sacra
516 247 614 298 Scriptura
621 249 651 286 vel
661 248 681 287 in
693 249 715 288 li-'

48 316 83 354 bro
91 317 195 361 autentico,
207 329 241 354 nec
251 329 311 356 novas
322 318 433 366 opiniones,
444 329 488 367 quae
497 328 536 355 non
545 322 629 366 prosunt
637 317 661 355 ad
673 329 716 357 mo·

48 396 91 423 rum
103 385 258 431 aedificationem,
270 398 305 424 nec
317 386 459 437 disputationes
467 391 535 424 contra
546 397 567 424 se
578 379 670 432 invicem,
683 387 714 425 vel

47 459 114 492 contra
125 456 174 493 alios
186 456 313 504 praedicantes
325 456 395 493 saciant
407 455 426 493 in
438 456 479 493 suis
492 454 668 504 praedicationibus,
677 457 714 494 sub

48 534 105 572 poena
117 524 230 573 privationis
242 525 295 563 vocis
308 530 326 563 et
338 524 382 563 loci.

73 594 118 631 ltem
131 594 231 639 volumus,
244 593 298 642 quod
307 595 381 641 tratres,
395 593 428 642 qul
441 592 506 631 sciunt
520 592 574 641 loqui
586 592 669 631 latinum
681 604 715 642 per

47 661 183 711 provincialem
196 662 215 700 in
226 673 260 700 sua
272 661 389 707 visitatione,
402 662 450 699 dum
462 667 528 699 tamen
541 661 579 699 slat
591 662 713 710 eloquentes,

47 731 212 780 constringantur,
226 731 273 769 utin
285 731 377 779 operibus
389 742 504 768 sermonum
515 730 607 768 studeant
618 736 638 768 et
649 742 714 768 coram

46 804 145 838 conventu
154 800 230 848 aliquos
240 811 341 838 sermones
348 801 429 847 iaciant,
440 804 462 837 ut
474 798 490 836 si
502 798 529 837 sic
538 798 662 837 inveniantur
673 799 715 837 ido-

47 868 77 905 nei
89 869 113 906 ad
128 868 282 917 praedicandum,
301 868 320 906 in
334 868 418 917 capitulo
432 867 544 917 provinciali
556 863 714 906 licentienrur'ad

47 938 90 984 hoc,
104 938 119 975 sl
131 937 209 975 aliunde
221 937 261 975 sint
272 938 333 986 digni.

72 1007 118 1044 ltem
136 1006 257 1052 ordinamus,
278 1007 332 1055 quod
351 1007 417 1044 tratres
435 993 571 1054 praedicatores
588 1017 628 1043 non
643 1005 713 1043 saciant

47 1074 83 1112 sibi
95 1074 164 1112 barbas
173 1075 263 1124 prolixas,
274 1076 343 1113 vexilla
352 1074 382 1111 vel
392 1074 455 1122 aliqua
464 1073 500 1111 alia
510 1074 598 1112 clenodia
606 1079 624 1111 et
634 1078 713 1112 externa

46 1143 101 1191 signa
110 1154 176 1180 secum
190 1147 275 1191 portent,
286 1143 338 1181 unde
350 1143 436 1192 populus
447 1153 481 1180 eos
492 1146 591 1192 sequatur,
602 1143 639 1180 sub
654 1153 713 1191 poena

46 1212 160 1258 privationis
172 1212 209 1249 loci
220 1216 240 1248 et
251 1211 312 1249 vocis.

24 1311 26 1313 .
72 1280 117 1316 ltem
130 1279 149 1316 in
161 1279 243 1318 Rubrica
255 1280 285 1317 ΧΠ
296 1279 320 1317 de
334 1278 456 1317 vestimentis
469 1279 591 1323 ordinamus,
605 1279 658 1327 quod
675 1280 713 1317 sub

46 1358 103 1395 poena
121 1348 329 1386 excommunicationis
346 1349 415 1385 tratres
430 1353 508 1396 portent
519 1348 595 1385 tunicas
607 1347 660 1385 albas
676 1348 713 1385 sub

40 1416 113 1463 griseis
125 1417 195 1464 longas
208 1417 307 1465 usquead
322 1416 406 1453 mediam
419 1415 486 1453 tibiam
499 1420 518 1452 et
524 1417 583 1454 latas.
599 1416 645 1453 ltem
657 1417 713 1453 volu-

46 1495 97 1528 mus,
109 1485 161 1532 quod
172 1486 238 1522 tratres
251 1478 329 1533 portent
340 1495 410 1533 cappas
422 1485 441 1521 in
454 1484 514 1522 missa
526 1484 650 1522 conventuali
662 1489 681 1521 et
692 1484 712 1521 in

45 1552 138 1590 omnibus
151 1552 254 1591 dominicis
272 1559 291 1590 et
300 1552 361 1596 lestis,
375 1563 419 1600 quae
429 1553 483 1601 plebs
498 1553 544 1590 colit
553 1553 676 1590 solemnibus
687 1553 712 1590 ad

45 1627 137 1669 utrasque
149 1632 246 1669 vesperas,
258 1625 276 1657 et
288 1621 307 1658 in
317 1620 470 1669 Qaadragesima
480 1619 499 1658 ln
508 1620 596 1668 quolibet
604 1621 712 1668 completo-

45 1688 73 1726 rio
85 1689 122 1727 sub
134 1700 192 1737 poena
201 1689 266 1738 gravis
278 1689 340 1737 culpae
351 1700 386 1737 per
397 1688 456 1726 diem.

71 1758 117 1794 item
130 1757 212 1795 Rubrica
226 1758 266 1795 XVl
279 1757 303 1794 de
318 1756 388 1795 studiis
403 1757 516 1801 statuimus,
531 1757 585 1805 quod
598 1758 662 1802 trater,
677 1757 711 1805 qul

45 1822 117 1873 bugam
129 1826 195 1863 lecerit
207 1826 226 1862 in
240 1830 339 1864 conventu
351 1824 457 1875 Parysiensi
466 1826 497 1863 vel
509 1825 553 1862 alibi
563 1826 583 1863 in
591 1825 632 1863 aliis
642 1824 711 1878 studiis

44 1891 110 1931 co‘ntra
120 1895 196 1942 aliquos
205 1896 273 1931 fratres
283 1894 312 1931 vel
322 1894 405 1943 maiores
415 1905 449 1931 seu
458 1894 556 1943 gradatos‚
570 1898 650 1942 propter
658 1894 712 1942 quod

44 1962 112 1999 fratres
124 1961 202 1999 veniant
214 1962 237 1999 ad
246 1963 326 1999 verbera
337 1962 367 1999 vel
376 1973 439 2010 usque
448 1962 472 1999 ad
483 1962 593 2010 gladiorum
603 1963 633 1999 vel
644 1962 713 2000 cultel-

45 2031 108 2067 lorum
120 2030 259 2068 extractionem
269 2031 299 2067 vel
311 2031 432 2077 baculorum,
443 2030 529 2078 lapidum
542 2031 572 2067 vel
588 2030 670 2067 aliorum
682 2041 713 2066 ar-

45 2109 121 2135 morum
134 2099 288 2146 deportationem
301 2105 320 2136 et
332 2099 513 2141 comminationem,
525 2099 555 2135 vel
567 2098 614 2135 fiant
627 2098 712 2135 rebellio-

41 2177 79 2203 nes
91 2171 124 2204 aut
133 2167 247 2209 scandalum
259 2167 468 2221 coramsaecularibus,
479 2166 523 2215 ipso
534 2167 585 2203 facto
596 2166 621 2203 sit
633 2177 712 2203 revoca-

43 2239 76 2272 tus
90 2247 100 2272 a
111 2235 175 2273 studio
188 2246 297 2283 numquam
310 2235 456 2283 promovendus
466 2235 485 2271 in
496 2234 570 2271 ordine.
584 2234 637 2271 Prior
644 2238 710 2271 tamen

43 2303 101 2339 talem
114 2304 191 2340 tratrem
206 2315 216 2340 a
231 2307 329 2340 conventu
343 2303 395 2340 dicto
409 2303 434 2339 ad
448 2313 504 2340 suam
526 2302 645 2350 provinciam
663 2313 710 2340 mox

45 2370 136 2413 remittat,
147 2372 215 2415 fratres
224 2382 270 2411 vero
282 2382 321 2413 non
331 2370 433 2413 studentes
442 2369 511 2412 carceri
520 2369 662 2422 mancipentur.
