1616 2703
68 74 107 114 314
334 74 480 104 annotationes

68 149 107 187 dus
127 150 150 187 de
161 149 248 188 Rosariis
260 160 313 188 anno
330 150 393 188 aetatis
416 161 457 188 suae
474 149 633 199 quadragesimo,
658 150 692 198 qui
707 149 744 187 suit

67 229 132 258 annus
145 230 201 268 1500.
214 218 273 268 lncip.
284 218 409 258 Dilectissimi
424 224 489 269 patres
501 218 520 257 in
534 218 620 257 Christo.
632 217 663 269 (1)

95 288 118 326 C.
130 289 220 338 Legenda
232 288 252 326 S.
271 288 333 327 Patris
342 289 404 327 nostri
417 288 511 339 Symonis
521 288 581 327 Stock
589 288 702 326 abbreviata
711 300 745 338 per

68 358 147 396 fratrem
167 357 280 413 Rolandum
297 357 400 397 Bouchier.
413 357 473 407 incip.
489 357 547 396 Absit
563 369 595 396 me
607 357 686 407 pudeat.
699 357 745 395 Fere
804 377 807 381 <

69 428 313 477 verbatimepraecedenti
324 427 364 466 vita
375 428 488 477 desumpta.
497 428 528 476 (2)
560 410 566 419 ’
807 470 808 477 ¹

96 496 221 546 D.'Legenda
243 497 263 536 S.
276 496 369 548 Symonis
389 497 449 536 Stoclr
466 497 545 546 anglici,
562 497 684 535 contessoris
703 508 744 535 non
802 498 804 514 ³

69 566 155 617 episcopi
168 566 248 606 Ordinis
259 566 342 605 Carmeli
354 567 395 606 XVI
405 566 435 605 die
448 567 523 605 mensis
535 566 587 613 nan.
600 565 659 616 lncip.
672 566 715 605 Fuit
724 566 743 604 in

69 635 140 686 Anglia
151 636 232 685 quidam
245 636 350 675 solitarius.
364 636 448 686 Adlegat
458 637 568 684 Johannem
580 636 649 674 Grossi
664 641 683 674 et
695 647 744 685 sup·
801 658 803 660 ν

70 716 138 755 presso
148 706 228 744 nomine
239 706 410 756 Palaeonydorum.
423 706 455 756 (3)
799 750 801 752 ,

95 775 116 814 E.
127 775 155 813 De
167 775 187 814 S.
200 775 280 814 Simone
291 774 352 814 Stock
360 775 436 824 anglico
445 774 525 814 Ordinis
536 774 627 813 Carmeli.
637 775 697 824 incip.
708 775 746 813 lla-

70 844 113 884 buit
124 844 171 883 olim
183 845 221 883 sub
239 845 302 883 tribus
321 844 480 895 archiepiscopis.
493 845 579 895 Adlegat
587 844 698 892 johannem
710 844 746 883 So·
797 838 799 876 Ῑ

71 914 120 962 reth,
134 926 156 952 ac
165 915 227 953 multa
236 925 259 952 ex
272 914 338 953 Bostio
348 919 432 953 mutuat.
446 913 477 965 (4)
797 965 798 968 Ἴ

97 984 117 1023 F.
133 984 229 1031 Jolrannis
249 984 297 1022 Brilei
309 984 349 1023 vita
361 983 380 1023 S.
398 984 486 1023 Simonis
498 983 558 1023 Stock
574 985 594 1023 in
606 984 746 1034 supplemento

70 1054 95 1092 ad
104 1053 175 1092 Trissae
184 1054 295 1103 catalogum
302 1053 391 1092 Priorum
401 1055 531 1103 generalium.
542 1054 601 1103 lncip.
611 1053 679 1092 Simon
687 1054 747 1095 Stock
795 1064 797 1089 ῑ

71 1123 160 1172 anglicus
180 1124 204 1162 ab
223 1123 298 1162 arboris
309 1128 387 1163 trunco.
407 1124 444 1173 (5).
466 1124 537 1163 Praeter
556 1124 613 1162 istam
627 1123 715 1162 notitiam
728 1128 747 1161 et
793 1118 798 1146 Ι

71 1193 128 1231 aliam
140 1204 201 1243 quam
222 1204 281 1242 supra
301 1193 321 1231 in
339 1194 429 1243 catalogo
438 1194 489 1232 Balei
498 1193 558 1241 edidi,
571 1193 668 1232 habentur
688 1194 746 1231 etiam
794 1188 799 1235 ζ

65 1263 163 1313 quedam
176 1262 298 1302 brevissimae
308 1264 382 1302 notulae
394 1275 428 1313 per
445 1263 508 1313 ipsius
521 1263 653 1313 manuscripta
664 1274 745 1312 sparsae,
793 1287 796 1313 3

72 1343 171 1383 quaecum
183 1332 261 1371 levioris
271 1333 311 1371 sint
323 1333 419 1371 momenti
430 1333 461 1371 hic
470 1333 596 1371 omittuntur.

99 1402 197 1441 Praedictis
215 1402 304 1445 addenda
322 1397 369 1442 sunt
381 1414 425 1451 quae
437 1403 460 1441 de
472 1402 492 1441 S.
513 1402 594 1440 Simone
613 1402 710 1440 habentur
727 1401 746 1439 in

31 1500 33 1504 -
72 1472 165 1522 operibus
175 1472 257 1511 Arnoldi
268 1471 328 1511 Bostii
338 1473 375 1522 (ὁ),
386 1472 453 1523 Segeri
464 1471 517 1511 Pauli
526 1470 557 1523 (7)
574 1472 699 1521 aliorumque
718 1484 747 1511 re·

72 1542 189 1581 centiorum.

94 1722 123 1765 (r)
136 1722 174 1755 MS.
185 1722 254 1766 Harley
268 1721 317 1765 1819,
327 1720 358 1755 lol.
374 1732 423 1765 izqa.
437 1721 533 1755 Menaldus
539 1722 567 1756 vel
575 1722 672 1756 Monaldus
681 1723 703 1755 de
713 1723 748 1756 Ro-

73 1781 125 1814 sariis
136 1781 201 1814 doctor
213 1780 327 1820 Parisiensis,
346 1780 463 1824 provincialis
470 1781 573 1822 Vaseoniae,
587 1781 633 1815 obiit
643 1781 748 1826 Burdegalis
790 1784 791 1787 ’

76 1841 95 1873 18
104 1841 113 1874 J
116 1839 154 1873 unii
164 1840 212 1874 1508.
221 1840 266 1873 Vide
276 1839 322 1873 inira
332 1839 438 1884 incatalogo
448 1841 536 1875 Barretn.
547 1842 574 1884 57.
788 1882 789 1885 Ἴ

95 1900 124 1943 (a)
134 1900 173 1933 MS.
184 1900 254 1943 Bodiey
263 1899 292 1942 73,
301 1899 332 1933 fol.
349 1910 389 1943 qao.
400 1899 493 1933 Rolandus
505 1900 596 1934 Bouchier
608 1911 629 1934 es
638 1901 748 1934 Valencenis

73 1958 161 1992 oriundus
170 1957 216 1992 obiit
225 1957 333 2002 Antwerpiae
339 1969 361 2002 29
368 1958 455 1992 Octobris
466 1959 516 2002 1540.
783 1991 788 2008 e

43 2047 45 2050 .
64 2039 66 2042 -
96 2018 125 2061 (3)
135 2018 175 2051 MS.
191 2017 258 2050 Selden
270 2027 290 2058 41
304 2027 364 2060 supra.
383 2016 436 2050 Circa
452 2017 531 2051 medium
544 2018 611 2052 librum
624 2018 665 2063 (qui
682 2019 747 2063 partim
783 2014 789 2054 Ῐ

74 2076 261 2120 paginationecarer).
786 2072 787 2075 ’

96 2135 233 2179 (4)lbidemin
243 2135 285 2175 fine,
293 2134 325 2169 iol
334 2134 384 2168 130a

95 2196 114 2238 (’
106 2197 124 2238 a)
134 2194 221 2236 lbidem'
216 2205 235 2228 rn
244 2193 286 2228 fine.

95 2253 203 2298 (6.)Specul
209 2239 286 2288 Carmel.
295 2254 319 2295 ΙΙ,
328 2264 370 2296 414,
379 2263 396 2287 n
407 2253 499 2299 1480sqq.

94 2313 193 2358 (7)Vinea
208 2313 322 2347 Carmelio
303 2312 331 2356 (ct
331 2323 398 2356 ¹supra
415 2313 436 2347 P
449 2313 508 2348 218n.
517 2316 536 2359 2)
547 2314 619 2359 Specul.
633 2314 711 2349 Cermel.
724 2315 748 2357 ll,

73 2383 114 2416 424,
127 2383 145 2407 n.
158 2373 201 2407 1502
212 2383 252 2417 sqq.
778 2381 781 2394 ÷
