1616 2703
268 92 291 119 oa
303 80 323 119 S;
342 81 458 119 Baarnoioo
660 77 699 131 269

25 169 133 211 monachos
145 171 166 215 et¹
181 166 289 205 monachas
299 166 355 215 ponit
370 166 493 204 Carmelitas.
511 165 583 214 Utique
598 166 613 203 si
626 166 651 203 ad
667 178 699 203 me

24 240 110 280 venisset
121 247 143 273 ea
155 247 200 284 quae
212 235 331 285 proponitur
342 235 409 273 adme
424 235 506 284 epistola
516 234 611 282 joliannis
620 234 700 272 Domini

24 305 176 358 Spanhemensis
188 316 233 342 cum
254 304 321 343 codice
339 309 374 343 tuo
382 305 437 352 (quae
455 303 503 342 mihi
523 304 574 342 mitti
592 304 698 352 scribitur),

25 378 85 416 multa
105 374 147 424 ejus
166 385 206 411 non
222 374 346 422 probassem,
368 373 403 411 sed
422 373 569 411 consuluissem
590 373 699 411 omittenda

24 458 73 485 esse.
89 445 146 483 Nunc
162 448 227 481 autem
243 442 338 481 correctio
354 442 420 480 omnis
433 447 463 481 est
478 440 533 480 extra
544 448 624 491 tempus
636 444 667 491 (1)
678 454 697 480 a.

25 517 109 565 lpsemet
120 517 187 550 tamen
203 512 281 550 Bostius
296 512 340 561 plus
352 523 410 560 aequo
428 512 492 550 audax
506 517 535 550 est
550 511 570 549 in
585 512 698 556 asserendo,

25 585 91 623 minus
102 586 204 620 accuratus
214 581 233 618 in
246 581 355 631 probando.
369 581 503 619 Nihilominus
514 586 558 619 tum
571 581 645 619 lezana
655 586 699 619 tum

25 652 80 692 ceteri
92 651 126 701 qui
139 650 241 689 historiam
253 650 334 689 Ordinis
348 655 456 688 tractarunt
468 651 557 689 Bostium
570 654 589 687 et
600 650 701 700 Palaeony-

24 724 94 761 dorum
104 722 144 759 tere
151 731 230 769 semper
241 720 304 758 secuti
313 726 362 759 sunt
373 720 464 769 ipsorum
473 719 584 758 auctoritati
593 719 700 758 deficienti·

24 793 62 830 bus
83 790 210 829 documentis
228 791 273 838 plus
290 801 348 838 aequo
369 789 446 828 confisi.
463 790 512 827 Hinc
530 790 624 838 estquod
643 789 699 833 mihi,

24 872 83 910 quem
97 870 138 897 non
151 859 216 897 minor
229 864 288 908 urget
297 860 350 897 zelus
360 864 379 897 et
391 870 447 897 amor
457 870 504 908 erga
513 859 616 904 Ordinem,
625 858 701 908 gravis-

24 930 97 968 simum
114 927 218 978 negotium
230 927 328 967 incumbit
339 940 349 966 a
361 928 415 966 tarsis
427 939 472 966 vera
484 932 503 965 et
514 928 538 980 ab
555 928 633 966 incertis
649 932 700 965 certa

24 997 145 1043 secernendi,
156 1002 178 1036 ut
192 998 264 1036 futuris
283 998 352 1035 saltem
369 997 449 1035 Ordinis
468 997 633 1047 historiographis
647 998 699 1035 viam

25 1069 109 1123 pandant
122 1078 161 1116 qua
179 1067 277 1105 inoffenso
293 1067 342 1116 pede
351 1078 418 1106 veram
433 1067 536 1105 adstruant
551 1067 661 1105 historiam.
672 1067 700 1105 De

25 1137 108 1187 singulis
120 1146 166 1186 ergo
178 1136 277 1184 Prioribus
289 1148 300 1173 a
311 1135 331 1174 S.
344 1136 448 1174 Bertholdo
461 1147 524 1184 usque
535 1136 560 1173 ad
573 1136 699 1186 Radulphum

24 1207 47 1244 de
59 1206 176 1244 Alemannia
187 1205 273 1243 breviter
287 1205 351 1243 dicam
366 1205 413 1254 quid
426 1205 472 1243 certi
482 1217 492 1242 e
502 1206 591 1243 tontibus
603 1206 644 1244 erui
655 1217 701 1255 pos-

24 1275 55 1320 sit,
69 1275 142 1331 quidve
156 1274 286 1325 posteriorum
299 1274 417 1325 conjecturis
432 1275 590 1320 attribuendum,
602 1275 650 1325 quid
668 1274 702 1312 de-

25 1344 84 1395 nique
93 1357 103 1383 a
112 1345 193 1383 veritate
205 1344 288 1383 omnino
301 1344 387 1383 alienum
398 1343 429 1383 sit.

253 1442 265 1470 r.
279 1431 307 1468 Da
322 1430 341 1469 S.
354 1421 473 1469 Banruomo

50 1516 200 1555 Celeberrimam
213 1516 237 1554 de
251 1516 375 1555 institutione
387 1521 450 1555 coetus
462 1517 587 1555 eremitarum
603 1516 622 1555 in
633 1517 701 1555 Monte

24 1585 113 1631 Carmelo
130 1586 261 1625 narrationem
274 1586 335 1624 habes
347 1586 366 1624 in
379 1586 428 1624 libro
440 1587 470 1624 De
481 1586 527 1625 locis
537 1586 609 1625 carretis
622 1591 701 1625 auctore

21 1655 109 1702 iohanne
118 1656 193 1701 Phocae,
208 1656 306 1694 monacho
319 1667 383 1704 graeco
393 1656 427 1704 qui
434 1667 486 1693 anno
499 1658 547 1705 1185
562 1655 641 1694 Terram
650 1656 697 1695 San-

25 1729 74 1763 ctam
92 1725 224 1774 perlustravit.
235 1725 302 1775 Capite
310 1725 368 1763 XXXI
379 1725 483 1774 sequentia
492 1726 551 1764 habet
561 1724 592 1776 (2)
601 1738 605 1764 :

51 1795 198 1844 «Subsequitur
205 1807 264 1834 mons
271 1795 372 1833 Carmelus
379 1795 404 1833 de
411 1806 451 1844 quo
458 1795 478 1833 in
488 1795 548 1834 veteri
557 1796 701 1845 recentiorique

24 1862 121 1914 Scriptura
128 1865 225 1914 plurimus
232 1876 298 1903 sermo
306 1865 426 1915 estlugatur
432 1876 491 1903 mons
504 1866 528 1904 ab
535 1865 578 1915 ipso
587 1866 646 1904 maris
654 1866 701 1904 sinu

25 1933 58 1981 qui
64 1934 261 1973 circaPtolemaidem
271 1939 290 1973 et
299 1934 394 1984 Caipham
406 1934 525 1981 incurvatur,
536 1935 614 1973 initium
626 1934 701 1974 ducens

24 2006 43 2038 et
56 2003 80 2041 ad
91 2003 175 2043 Galilaeae
188 2004 238 2042 fines
252 2003 377 2054 perveniens.
391 2004 411 2041 ln
423 2011 511 2043 extrema
529 2009 583 2054 parte
593 2005 638 2055 jugi
662 2018 701 2055 qua

25 2082 76 2110 mare
92 2073 177 2123 respicit,
188 2076 290 2123 prophetae
301 2074 346 2112 Eliae
360 2074 453 2123 spelunca
463 2078 569 2123 spectatur,
583 2075 603 2113 in
617 2088 655 2125 qua
668 2087 703 2113 an-

24 2141 105 2187 gelicam
124 2143 169 2182 vitae
189 2144 284 2182 rationem
297 2155 343 2182 curn
361 2143 465 2193 exegisset,
487 2144 581 2183 mirificus
593 2144 625 2183 ille
637 2145 666 2184 vir
682 2146 701 2182 in

45 2272 73 2315 (r)
86 2275 126 2309 MS.
138 2275 204 2309 Selden
214 2286 234 2318 41
247 2287 307 2319 supra,
318 2275 337 2309 in
347 2276 391 2310 fine.

46 2331 74 2375 (2)
81 2333 149 2377 Migne,
158 2335 178 2367 P.
188 2335 209 2367 G.
220 2330 232 2367 tss
242 2335 340 2379 CXXXlll,
351 2335 385 2368 col.
396 2334 435 2378 961.
445 2336 490 2368 Aera
500 2334 531 2368 SS.
541 2342 555 2368 t.
566 2335 579 2367 Ι.
587 2335 661 2379 Aprilis,
680 2337 700 2369 P.

25 2389 64 2432 775.
74 2397 86 2424 r.
97 2392 111 2425 Ι.
120 2392 171 2438 Maji,
183 2393 203 2427 P.
213 2391 263 2427 Vlll.
