1631 2703
85 103 120 151 rsa
352 104 476 134 amacina.

107 177 153 214 Item
166 177 281 216 ordinamus
293 183 312 215 et
324 178 430 217 statuimus
440 179 520 216 firmiter
529 178 682 223 observandum,
694 177 748 226 quod

85 245 151 283 nullus
167 246 246 283 scolaris
264 244 353 284 mittatur
368 252 421 284 extra
440 247 558 295 provinciam
573 257 629 284 suam
647 247 670 284 ad
686 245 749 294 quod-

59 326 61 328 *
81 323 167 361 cumque
179 314 266 352 studium
278 316 368 363 generale
378 314 522 363 proaudieudis
531 314 643 352 tractatibus
658 319 677 354 et
689 313 747 350 veteri

83 382 152 430 logica,
164 393 200 420 nec
212 383 264 431 prlor
275 383 357 432 alicujus
371 384 429 421 studii
442 383 504 432 possit
515 384 563 421 tales
575 383 666 431 recipere,
679 383 712 420 sed
724 382 748 419 ad

83 450 211 498 provinciales
223 462 264 489 suae
274 452 378 499 provinciae
386 451 449 489 mittat
455 436 496 496 eos,
506 451 539 500 qui
549 451 671 500 provincialis
681 451 749 488 habeat

83 530 117 556 eos
128 519 152 556 ad
172 531 240 557 eorum
264 520 382 569 provinciam
390 511 499 562 remittere,
519 521 549 557 vel
564 520 583 557 in
602 519 748 568 particularibus

83 588 215 626 conventibus
227 599 268 626 suae
285 589 389 636 provinciae
400 588 454 636 ipsos
466 589 562 636 inaliquo
575 587 640 625 studio
652 587 747 625 ordinare.

84 684 87 687 ⁴
109 656 156 693 ltem
168 656 283 694 ordinamus
295 657 348 704 quod
359 657 425 693 nullus
437 656 516 694 scolaris
523 656 546 693 de
554 656 617 693 Ytalia
628 656 691 704 possit
699 655 749 692 mitti

84 724 133 761 ultra
141 729 220 770 montes
230 725 253 761 ad
265 724 344 772 aliquod
353 724 440 762 studium
449 725 549 773 generale,
564 723 600 761 nisi
609 735 644 772 pro
654 723 750 761 audiendo

83 791 204 841 theologiam
220 793 249 829 vel
270 792 475 841 philosophiamsiue
492 792 569 840 speciali
589 791 663 829 licentia
682 790 750 839 prioris

84 860 200 908 generalis„

83 956 86 961 .
109 928 194 965 tremata
216 928 302 976 quolibet
321 929 406 976 capitulo
429 927 541 976 provinciali
554 928 577 965 de
589 932 629 965 tota
644 927 749 976 provincia,

83 996 162 1045 dempta
173 986 270 1044 provincia
281 997 365 1045 Angliae,
389 997 482 1044 pro-(Fol.
498 995 662 1046 50b)m0veamur
673 996 751 1034 studen-

83 1069 113 1102 tes
124 1065 148 1101 ad
160 1064 223 1102 studia
240 1065 336 1113 generalia
354 1064 463 1102 secundum
482 1065 536 1112 quod
558 1065 668 1102 inventum·
679 1063 751 1101 suerint

84 1133 175 1170 meliores
187 1132 206 1169 in
220 1133 309 1170 moribus
321 1138 339 1171 et
351 1132 431 1171 scientia
447 1133 503 1181 juxta
522 1132 661 1171 conscientiam
682 1132 751 1180 prioris

85 1200 208 1249 provincialis
231 1207 250 1239 et
268 1202 405 1249 diffinitorum,
424 1202 470 1240 etsi
484 1201 503 1238 in
523 1201 619 1249 praedictis
635 1201 750 1239 conditioni·

86 1270 124 1307 bus
143 1270 267 1308 inveniantur
284 1271 380 1318 aequates‚.
397 1270 417 1307 in
430 1282 476 1308 casu
488 1281 529 1317 quo
546 1270 605 1308 simul
623 1269 752 1319 nonpossint

85 1337 204 1386 promoveri,
217 1339 318 1383 volumus,
335 1338 388 1387 quod
400 1338 498 1386 antiquior
517 1337 536 1375 in
547 1338 615 1376 ordine
624 1342 751 1387 proponatur,

85 1406 129 1444 etsi
149 1406 218 1454 aliquis
231 1411 302 1444 ,contra
315 1406 427 1455 hujusmodi
438 1406 582 1453 ordinationem
595 1411 751 1454 promoveretur,

86 1475 187 1518 volumus,
200 1476 252 1523 quod
265 1475 317 1523 prior
328 1475 423 1523 generalis
441 1486 501 1523 super
513 1476 550 1512 hoc
562 1474 680 1513 sufficienter
694 1474 754 1527 infor-

86 1548 151 1581 matus
163 1543 232 1581 lrabeat
243 1545 301 1581 talem
314 1556 323 1580 a
335 1543 400 1581 studio
413 1554 510 1585 revocare,
521 1549 538 1580 et
550 1543 609 1580 alium
620 1543 752 1592 postpositum

86 1623 210 1660 promovere.

113 1681 159 1718 ltem
170 1680 284 1719 ordinamus
293 1681 346 1729 quod
359 1682 425 1719 nullus
434 1681 534 1730 magister,
547 1680 667 1719 bacbalarius
679 1681 708 1717 vel
728 1681 754 1717 le-

86 1753 128 1785 ctor
139 1753 183 1786 actu
193 1749 262 1797 legens
273 1748 292 1785 in
302 1749 367 1797 aliquo
379 1754 477 1786 conventu
484 1749 567 1796 gaudeat
574 1748 707 1786 taxationevel
724 1759 753 1787 ve·

88 1816 160 1859 stiario,
175 1816 190 1853 si
206 1828 245 1854 non
258 1816 401 1865 principiaverit
412 1822 430 1854 et
444 1817 571 1865 disputaverit
583 1817 606 1853 de
613 1817 724 1862 QrOdlibet,
733 1829 754 1855 ac

88 1885 156 1933 legerit
165 1883 213 1921 infra
223 1896 296 1922 annum
313 1896 332 1933 ¹5
346 1886 376 1922 vel
389 1884 411 1922 16
421 1886 513 1922 lectiones
522 1885 545 1921 ad
554 1884 627 1930 minus,
641 1897 680 1923 uon
691 1885 754 1928 inten-

89 1953 158 1989 dentes
170 1963 203 2000 per
215 1953 252 1990 hoc
263 1953 311 1999 quin
323 1953 342 1990 iu
355 1953 425 1991 studiis
434 1953 558 2002 generalibus
567 1942 587 1989 et
597 1953 616 1990 in
626 1954 754 1992 conventibus

89 2020 242 2059 solemnioribus
260 2022 341 2059 lectores
358 2021 441 2059 habeant
458 2032 504 2059 suas
522 2021 615 2059 lectiones
632 2021 752 2065 continuare,

91 2090 200 2127 secundum
212 2090 267 2137 quod
279 2089 298 2127 in
308 2090 483 2127 constitutionibus
495 2090 567 2127 nostris
581 2089 671 2146 antiquis
678 2091 755 2138 plenius

90 2158 207 2197 continetur.
671 2146 672 2149 Ἴ

117 2228 163 2265 ltern
176 2227 291 2265 ordinamus
304 2227 357 2275 quod
370 2227 435 2265 uullus
444 2227 467 2264 ad
488 2227 594 2275 legendum
607 2227 715 2266 Sententias
734 2229 754 2268 in

90 2296 154 2345 aliqua
166 2295 290 2334 universitate
300 2295 362 2345 possit
374 2294 491 2344 promoveri,
512 2295 546 2346 qui
558 2295 615 2335 fuerit
628 2295 755 2337 incarceratus

92 2351 171 2414 propter
180 2365 292 2404 scandalum
304 2366 334 2404 vel
342 2365 414 2403 crimen
425 2363 517 2403 notabile.
