1631 2703
82 115 118 153 [04
331 113 489 144 CONSTlTUTlONES

79 189 103 227 de
110 188 222 228 senioribus
231 193 250 227 et
259 188 405 228 discretioribus
413 188 504 228 iratribus
512 187 536 227 ad
545 199 590 227 eum
597 186 745 226 admonendum
765 177 767 179 ’

79 263 98 296 et
105 259 242 307 corrigendum
255 262 324 306 vocet;
335 264 354 297 et
363 259 378 297 si
390 270 411 297 se
427 259 491 297 adbuc
502 246 543 296 non
560 257 670 302 correxerit,
689 268 747 306 supe-

79 327 123 366 riori
133 328 218 377 praelato,
231 339 276 366 cum
288 328 312 366 ad
324 328 444 366 visitandum
458 327 533 366 venerit
541 326 641 365 veritatem
653 325 745 378 insinuet,
766 312 767 316 Ἰ

78 401 101 434 ut
117 408 151 445 per
165 408 211 435 eum
223 397 338 447 corrigatur,
354 398 384 435 vel
397 397 481 447 capitulo
496 384 607 446 provinciali
619 395 747 445 corrigendus

80 466 216 505 demandetur.
232 467 291 512 Quod
306 466 362 504 etiam
377 466 448 516 poterit
459 466 500 503 fieri
514 466 564 504 dicta
578 464 687 503 monitione
707 476 746 502 non

79 535 189 583 praemissa,
206 536 253 573 dum
270 541 336 573 tamen
349 535 407 578 tuerit
418 535 503 573 notabile
517 539 537 572 et
552 534 615 583 possit
629 533 747 572 sufficienter

80 604 165 652 probari.
179 604 239 642 Aliter
249 609 314 642 autem
327 604 399 642 subditi
411 603 521 653 superiores
535 614 583 641 suos
595 602 695 641 diffamare
707 613 747 640 non

81 678 210 722 praesumant,
221 672 257 712 sub
270 684 329 722 pcena
338 673 484 711 diffamantibus
493 672 606 722 infligenda.
721 718 723 721 .

108 754 127 790 4.
144 743 163 780 ln
172 742 243 780 virtute
251 747 323 780 sanctae
332 742 448 780 obedientiae
460 742 545 780 districte
554 740 683 790 praecipiendo
693 752 749 778 man·
768 789 770 792 ι

82 811 160 855 damus,
171 812 225 859 quod
235 811 282 848 nulli
291 812 358 849 tratres
366 812 478 861 iuramento
487 815 520 848 aut
527 810 566 848 fide
575 809 660 859 praestita
668 809 749 859 colliga-

82 880 156 918 tionem
172 881 201 918 vel
220 880 406 918 consoederationem
421 880 497 925 iaciant,
511 879 564 929 quod
581 879 617 917 sibi
630 883 699 917 mutuo
708 890 748 917 non

72 948 171 986 deficient
180 948 199 986 in
208 948 356 987 defensionibus
367 953 387 986 et
399 947 575 986 sustentationibus
584 948 615 986 vel
626 947 747 996 hujusmodi,

82 1028 127 1070 quae
139 1022 206 1055 notam
220 1017 264 1055 mali
277 1017 361 1066 sapiunt.
375 1017 393 1055 Si
405 1017 439 1065 qui
451 1023 516 1055 autem
528 1017 547 1055 in
559 1016 678 1055 contrarium
690 1016 749 1066 hujus

83 1086 166 1124 salubris
189 1086 274 1124 mandati
294 1087 388 1130 venerint,
407 1085 524 1124 sententiam
541 1085 749 1123 excommunicationis

83 1165 122 1192 non
132 1155 222 1193 obstante
234 1154 373 1192 constitutione
385 1154 509 1193 londonensi
518 1153 549 1204 (1)
559 1153 657 1192 incurrant
665 1165 688 1192 eo
697 1154 748 1202 ipso.

236 1271 298 1309 Runa.
310 1271 398 1309 XXXVll.
411 1271 439 1308 Da
451 1280 597 1309 aaoaareraaus.

113 1397 128 1424 1.
147 1385 255 1424 Statuimus
269 1391 288 1424 et
299 1385 380 1424 tirmiter
396 1386 527 1436 praecipimus,
546 1386 600 1434 quod
615 1386 681 1424 nullus
694 1397 751 1434 pecu-

84 1454 135 1492 niam
154 1455 183 1492 vel
195 1455 336 1503 quodcumque
348 1454 385 1493 sibi
399 1456 466 1493 datum
484 1456 515 1492 vel
527 1454 615 1493 oblatum
627 1466 663 1492 seu
674 1454 752 1503 deposi-

83 1528 125 1560 tum
145 1527 217 1568 teneat,
236 1524 266 1560 vel
286 1524 346 1562 libros
358 1524 388 1562 vel
405 1524 545 1572 quodcumque
560 1523 622 1572 jocale
642 1522 752 1561 notabiliter

84 1592 199 1640 pretiosum,
215 1591 251 1629 nisi
278 1592 391 1640 deprioris
416 1592 447 1630 sui
464 1592 540 1630 licentia
551 1596 571 1629 et
584 1602 675 1639 assensu,
694 1591 752 1630 dum-

85 1661 145 1698 modo
157 1660 193 1698 sibi
208 1660 342 1698 innotescendi
356 1666 436 1709 tempus
449 1661 538 1699 habuerit
552 1664 696 1710 opportunum,
714 1661 752 1699 sub

106 1806 133 1847 (1)
143 1805 234 1838 Alluditur
240 1805 269 1837 lric
276 1807 298 1838 ad
304 1806 407 1847 Capitulum
416 1805 524 1848 provinciale
532 1804 611 1838 Londini
617 1816 665 1838 anno
674 1806 715 1839 1305
723 1817 752 1839 ce-

86 1863 175 1896 lebratum
185 1864 218 1896 sub
233 1864 326 1896 Fratribus
338 1863 427 1896 Gobelino
441 1864 547 1907 provinciali
560 1864 672 1897 Alemanniae
680 1871 697 1896 et
706 1864 753 1897 Con-

87 1921 150 1952 radoa
164 1920 182 1952 S.
198 1920 281 1963 Georgio,
291 1922 314 1953 ob
327 1920 458 1953 dissensionem
474 1921 521 1953 circa
535 1920 642 1954 divisionem
654 1921 753 1965 provinciae

87 1978 164 2020 Angliae.
175 1978 220 2010 Haec
229 1989 285 2020 usque
295 1978 316 2010 ad
331 1979 429 2021 capitulum
446 1979 563 2011 Narbonense
573 1979 629 2021 {1303}
646 1979 752 2013 Hiberniam

89 2035 190 2068 etScotiam
197 2036 345 2078 amplectabatur.
354 2036 438 2078 Capitulo
448 2036 564 2069 Narbonensi
570 2038 603 2069 sub
610 2037 689 2070 Gerardo
696 2039 754 2071 Bono·

89 2093 147 2126 niensi
156 2093 203 2126 hauc
212 2093 265 2126 nimis
275 2104 357 2136 magnam
368 2094 478 2137 provinciam
487 2094 574 2128 diuidenti
584 2094 756 2139 restiteruntmagis

89 2150 112 2183 tri
119 2150 167 2195 angli
176 2162 211 2183 una
218 2162 258 2184 cum
269 2151 375 2195 provinciali
384 2152 473 2186 Gulielmo
481 2152 598 2195 Ludlington.
614 2152 646 2186 Lis
661 2164 670 2186 a
680 2154 756 2188 Summo

84 2209 178 2242 ‘Pontifice
188 2209 286 2243 Benedicto
293 2210 318 2243 Xl
330 2210 404 2251 arbitrio
410 2211 506 2244 cardinalis
518 2211 587 2244 Gentili
594 2212 695 2253 commissa,
704 2213 754 2246 abeo

89 2266 138 2309 juxta
147 2268 238 2300 decretum
250 2270 367 2302 Narbonense
377 2269 436 2302 decisa
446 2276 477 2302 est.
488 2269 571 2313 Magistri
586 2270 634 2312 angli
643 2278 704 2313 tamen
718 2283 754 2305 non

87 2325 160 2358 fuerunt
169 2327 321 2360 excommunicati
332 2327 412 2370 quamvis
423 2328 466 2361 alias
475 2328 552 2369 graviter
563 2328 628 2370 puniti.
