1631 2703
90 84 128 127 232
216 84 218 88 ’
278 84 280 86 ’
313 84 389 114 'TulssAE
411 84 523 114 CATALOGUS

89 166 109 199 et
117 160 217 199 laboribus
229 172 239 198 a
250 160 332 199 diversis
344 159 429 198 summis
441 159 568 209 pontificibus
586 158 669 209 plurima
690 158 765 208 privile-

88 230 119 279 gia
129 230 165 280 pro
180 230 248 268 ordine
259 230 378 279 impetravit,
390 230 498 279 praesertim
509 240 544 278 pro
560 229 669 267 mutatione
678 229 763 279 chlamy·

88 300 137 338 dum
147 298 289 349 virgulatarum
300 300 319 337 in
328 299 400 348 cappas
412 299 479 347 albas3
493 299 561 347 sicque
574 297 648 337 meritis
660 303 679 336 et
688 298 765 337 virtuti-

89 370 127 408 bus
136 373 218 408 ornatus
228 369 248 406 in
260 373 359 407 conventu
369 368 461 406 Tholosae
473 368 504 419 (r)
516 368 591 417 quievit
608 368 627 405 in
640 380 693 418 pace,
712 379 764 406 anno

88 439 168 477 Domini
182 450 231 489 1294
243 442 290 487 post
299 437 399 476 molestias
412 443 431 475 et
442 437 526 476 labores.

116 507 193 546 Tertius
203 508 240 545 ruit
251 509 315 546 Frater
323 508 454 558 Raymundus
464 508 488 545 de
495 507 558 545 Insula
575 518 636 556 prope
647 506 762 552 Tholosam‚

88 579 150 616 lector
162 578 181 615 in
194 588 247 615 sacra
263 578 340 627 pagina,
357 577 463 626 provinciae
483 576 600 625 Aquitaniae,
610 576 733 615 abstinentiis
744 581 764 614 et

88 647 182 686 doctrinis
194 647 272 685 deditus
282 647 377 685 Ordinem
387 647 436 684 rexit
448 646 511 684 tribus
526 647 584 684 annis
603 646 704 683 sinceriter
712 645 762 696 (Fol.

91 715 138 768 57b)
148 717 242 771 multum,
256 717 291 754 sed
304 717 348 765 quia
360 715 420 754 vitam
430 715 583 753 anachoreticam
594 716 683 764 apprime
699 715 765 764 dilige-

88 786 123 823 bat
132 786 197 824 officio
209 787 333 835 generalatus
345 790 417 834 sponte
429 785 489 823 cessit
500 785 519 822 in
532 785 616 834 capitulo
629 785 697 834 Brugis
715 786 764 823 cele-

87 856 151 893 brato.
163 855 293 893 Postmodum
306 867 352 893 vero
362 855 408 892 vitae
416 855 547 892 sanctimonia
554 856 624 903 plenus
632 854 651 892 in
664 858 764 893 senectute

88 925 199 962 veneranda
207 925 268 962 finem
279 925 355 963 bonum
365 925 448 974 adeptus
457 929 493 962 est.

114 995 202 1039 Quartus
214 994 250 1032 fuit
259 994 353 1043 Magister
362 995 419 1032 irater
430 993 528 1031 Gerardus
538 993 562 1031 de
574 994 660 1031 Bononia
673 993 761 1043 ejusdem

89 1062 219 1101 Bononiensis
234 1062 346 1112 provinciae,
366 1062 434 1101 doctor
451 1062 564 1100 Parisiensis
583 1063 639 1100 valde
659 1063 761 1107 solemnis,

87 1131 173 1169 scientiis
185 1125 204 1169 et
213 1132 319 1170 virtutibus
328 1133 379 1170 varie
391 1136 480 1177 ornatus,
494 1131 589 1169 Ordinem
602 1132 650 1170 rexit
660 1129 761 1170 celebriter

88 1201 175 1238 multum
187 1201 244 1238 annis
255 1212 287 1238 21.
298 1201 332 1238 Hic
341 1201 393 1239 enim
403 1203 472 1240 fratres
484 1202 615 1251 promovebat
633 1202 657 1238 ad
673 1201 761 1239 studium

87 1271 174 1308 multum
184 1271 281 1324 ardenter,
293 1282 389 1319 expensas
398 1282 458 1320 vagas
468 1276 487 1310 et
499 1282 559 1310 vanas
579 1270 692 1319 simpliciter
714 1271 762 1309 vita-

86 1339 126 1384 bat,
141 1339 207 1388 paucis
217 1340 259 1388 ipse
268 1344 382 1387 contentus,
390 1341 427 1378 ruit
438 1340 491 1378 enim
504 1340 632 1389 parcissimus
647 1341 666 1378 in
685 1351 761 1395 mensa,

87 1409 141 1447 dono
153 1414 220 1447 tamen
232 1409 363 1457 largissimus,
375 1415 421 1458 post
434 1421 501 1458 preces
513 1414 532 1447 et
544 1415 589 1448 vota
602 1415 620 1447 et
634 1414 679 1447 ante
697 1421 763 1447 come-

86 1477 171 1515 stionem
182 1482 200 1515 et
207 1478 319 1521 lectionem]
328 1479 347 1515 in
354 1479 494 1528 disputatione,
505 1479 524 1516 in
532 1490 635 1517 causarum
643 1478 762 1516 Ordinisde-

86 1547 159 1586 cisione
172 1548 242 1596 jugiter·
255 1559 276 1585 se
286 1548 393 1586 exercebat.
404 1549 537 1598 Qramplures
550 1549 635 1586 honores
656 1547 725 1586 Ordini
737 1549 762 1585 fe-

85 1609 124 1660 cit,'
131 1621 150 1653 et
162 1617 216 1664 plura
226 1617 326 1666 privilegia
338 1629 348 1653 a
357 1617 405 1654 Sede
415 1618 523 1666 apostolica
533 1617 602 1655 Ordini
612 1617 731 1666 impetravit,
742 1623 761 1655 et

85 1691 191 1734 postquam
204 1686 291 1723 virtuose
301 1686 348 1724 satis
361 1686 455 1724 Ordinem
468 1686 550 1724 rexisset
562 1687 581 1724 in
593 1691 692 1725 conventu
713 1686 760 1725 Avi-

86 1754 175 1793 nionensi
187 1755 323 1804 incorruptum
338 1757 379 1794 Deo
392 1757 474 1794 reddidit
483 1756 582 1805 spiritum,
608 1768 661 1794 anno
681 1757 760 1794 Domini

89 1835 146 1874 1317t
317 1878 319 1881 Ι

111 1894 198 1939 Qrintus
207 1894 244 1933 fuit
253 1895 346 1944 Magister
361 1896 419 1934 irater
428 1895 492 1934 Guido
502 1896 526 1933 de
546 1895 661 1945 Perpiniano
682 1897 760 1945 provin-

107 2042 128 2084 (rl
143 2043 206 2075 Barrer
219 2042 271 2086 ponit
282 2053 377 2086 perperam
388 2055 408 2077 :a
421 2043 440 2076 in
456 2043 540 2076 Cnrmelo
559 2042 665 2076 Coloniensi
680 2055 694 2076 a.
707 2043 760 2076 Tem-

83 2110 127 2142 pore
137 2100 186 2133 Petri
196 2101 218 2134 de
227 2101 320 2134 Amiliano
333 2102 436 2135 Concilium
447 2103 568 2145 Lugdunense
583 2103 682 2135 secundum
695 2113 760 2145 appro-

83 2158 131 2191 bavit
139 2159 226 2192 Ordinem
239 2160 385 2193 Carmelitarum.
400 2161 564 2204 Circaopinionem
575 2172 629 2204 quam
637 2160 687 2204 juxta
696 2161 758 2194 Ricor-

83 2218 150 2250 danum
163 2218 259 2262 Malespini
268 2219 359 2260 (Historia
371 2219 476 2252 Florentina
485 2220 533 2262 apud
543 2219 639 2260 Muratori‚
650 2221 697 2261 Vlll,
716 2220 756 2264 879,

85 2280 138 2320 1042)
151 2277 169 2310 S.
179 2277 260 2310 Thomas
270 2278 291 2310 de
303 2278 394 2322 Aquinate
404 2278 501 2312 nutrivisse
514 2277 592 2312 refertur
604 2279 625 2311 ci
643 2279 727 2313 Histoire
735 2281 757 2314 de

83 2334 161 2374 I'Ordre,
169 2347 186 2379 p.
200 2338 228 2379 76,
236 2347 253 2370 n.
267 2336 292 2369 iii.
487 2333 488 2336 '
