1631 2703
303 98 383 128 auomca
393 99 416 127 aa
671 92 694 136 41

23 178 121 217 Diaconus
133 185 179 213 vero
189 179 208 213 et
216 174 350 213 subdiaconus
360 179 448 223 paratum
461 179 525 212 teneat
537 174 615 211 calicem
628 173 697 211 vinum

23 244 217 286 communicantibus
226 244 380 283 subministrans
389 244 484 282 ordinate.

51 327 69 365 5.
79 314 207 363 Qricumque
215 318 280 352 autem
293 314 386 352 sacerdos
398 314 448 352 ultra
460 325 520 351 unam
528 313 581 351 diem
596 313 699 351 acelebra-

23 383 191 425 tionemissarum
201 394 222 422 se
232 383 350 421 subtraxerit
364 383 440 437 absque
453 382 523 431 prioris
539 385 570 420 sui
582 382 632 421 scitu
645 387 665 420 et
677 382 699 419 li-

24 453 86 494 centia
98 453 184 502 speciali,
198 464 262 502 poenae
284 452 349 502 gravis
358 454 421 502 culpae
434 464 468 502 per
487 464 547 491 unam
562 452 614 490 diem
634 452 699 501 subja-

24 523 81 571 cebit3
92 522 107 561 si
116 527 181 561 autern
194 522 386 561 inconsuetudinem
399 521 476 560 duxerit
485 522 595 560 secundum
617 521 697 570 exigen-

24 595 70 633 tiam
85 592 150 630 delicti
160 603 218 642 poena
226 593 269 641 eJ'us
278 597 401 641 aggravetur.
413 592 487 630 Priores
497 603 544 630 vero
557 590 618 640 quiin
631 591 700 640 hujus-

25 662 78 702 modi
92 661 214 712 negligentes
228 661 297 712 reperti
313 661 391 707 tuerint,
403 661 422 699 in
445 660 557 700 visitatione
572 660 698 710 superiorum

25 743 82 783 poena
95 736 199 781 praetaxata
212 731 273 780 rigide
285 731 399 780 puniantur.

69 877 130 916 Runa.
147 873 184 915 xri
198 877 225 915 Da
237 887 359 915 vfisTlMENTls
371 887 394 915 er
406 886 542 915 ClLClAMENTlS
553 886 650 915 rnarnuu.

54 1018 70 1044 1.
83 1006 205 1045 Vestimenta
212 1010 277 1044 autern
287 1006 369 1044 fratrum
377 1006 431 1044 lanea
441 1005 481 1044 sint
490 1006 621 1055 ejusdemque
629 1006 699 1043 forma

25 1081 46 1116 ut
55 1076 140 1114 habeant
148 1076 230 1115 tunicas
237 1076 312 1125 griseas
322 1076 417 1114 rotundas
429 1087 494 1124 usque
505 1076 529 1113 ad
548 1076 599 1114 talos
617 1076 700 1113 descen.

24 1148 100 1191 dentes,
113 1150 132 1183 et
143 1145 249 1194 scapularia
264 1145 395 1193 ejusdemque
407 1145 478 1184 coloris
495 1149 559 1194 usque
576 1145 601 1182 ad
613 1145 698 1182 mediam

24 1215 98 1263 tibiam,
109 1219 129 1253 et
139 1215 194 1252 liceat
206 1215 298 1253 tratribus
311 1215 344 1264 qui
357 1214 479 1264 indiguerint
494 1215 521 1253 uti
531 1214 588 1253 lineis
600 1214 699 1252 femorali-

25 1286 69 1324 bus.
82 1285 169 1330 Qulibet
181 1290 247 1323 autem
257 1286 315 1323 trater
324 1285 395 1323 habeat
404 1296 486 1334 cappam
503 1285 567 1323 albam
579 1285 624 1323 talis
636 1283 700 1334 longi-

24 1354 98 1394 tudinis
109 1359 132 1394 ut
141 1354 167 1394 sit
177 1355 243 1393 tunica
253 1355 331 1393 brevior
339 1366 379 1393 uno
391 1355 465 1404 palmo.

51 1437 70 1463 2.
83 1425 152 1464 Nullus
171 1429 236 1462 autem
257 1426 316 1463 frater
333 1428 398 1463 vestes
418 1424 493 1473 aliquas
513 1429 578 1473 portet
590 1424 614 1462 de
632 1435 699 1473 panno

23 1496 85 1534 tincto
94 1495 125 1546 vel
137 1495 179 1532 lana
190 1494 251 1532 tincta
260 1492 276 1539 *,
290 1495 343 1544 quod
363 1494 379 1533 si
400 1494 466 1532 lecerit
485 1499 505 1532 et
519 1499 573 1533 veste
585 1494 672 1543 privetur
680 1498 700 1531 et
715 1492 779 1526 *Matt-

24 1564 107 1618 graviori
119 1575 178 1613 poena
191 1563 290 1612 puniatur.
303 1563 353 1615 (Fol.
367 1563 472 1606 rabiltem
493 1564 623 1613 probibemus
645 1564 699 1614 quod
721 1535 773 1611 {elim

26 1634 92 1672 nullus
104 1638 170 1672 utatur
190 1633 275 1672 camisiis
291 1634 355 1682 aliqua
368 1634 441 1672 ratione
460 1635 491 1671 vel
512 1645 570 1672 causa
582 1634 619 1672 sub
639 1645 699 1682 poena
716 1621 781 1690 JJJJpJ

25 1703 120 1753 gravioris
132 1704 194 1752 culpae
204 1714 238 1752 per
250 1703 358 1741 tresdies.
376 1704 456 1742 Necnon
475 1703 560 1752 singulis
572 1703 610 1741 illis
630 1703 699 1741 diebus
721 1707 776 1740 pecua

25 1773 88 1811 tribus
100 1773 188 1822 singulas
200 1767 291 1820 recipiant
308 1772 328 1809 in
345 1773 430 1821 capitulo
450 1772 562 1821 disciplinas
574 1773 638 1811 induti
658 1774 700 1811 sola
729 1757 770 1824 Ιᾞὲῗ

25 1842 103 1881 camisia
120 1841 254 1880 comedentes.
272 1853 292 1892 3.
306 1842 328 1879 Et
344 1841 402 1880 etiam
420 1841 533 1879 linteamina
551 1842 631 1890 penitus
649 1842 700 1880 inhi-

26 1912 104 1956 bemus,
118 1911 203 1949 maxime
215 1911 264 1949 infra
274 1911 412 1950 dormitorium
432 1911 469 1949 nisi
482 1923 517 1960 pro
529 1911 615 1950 evidenti
633 1924 701 1951 neces-

27 1981 82 2019 sitate
92 1985 110 2019 et
121 1981 231 2025 manifesta,
242 1980 279 2018 sub
289 1992 348 2029 poena
360 1981 430 2018 mediae
442 1981 505 2030 culpae
515 1986 534 2018 et
543 1981 652 2030 privatione
667 1994 701 2020 eo-

27 2051 125 2089 rumdem.
144 2061 164 2097 4.
185 2050 232 2087 ltem
253 2050 379 2099 praecipimus
400 2050 576 2100 perobedientiam
594 2053 700 2090 salutarem

26 2121 80 2168 quod
92 2121 159 2158 nullus
171 2119 315 2168 cujuscumque
327 2119 445 2158 conditionis
454 2121 484 2157 vel
502 2124 565 2158 status
577 2121 647 2159 existat
657 2133 702 2170 por-

26 2194 53 2227 tet
65 2189 167 2227 clamidem
185 2188 210 2225 de
226 2187 257 2226 die
269 2188 289 2226 in
301 2189 389 2234 ecclesia,
404 2189 505 2227 refectorio
518 2190 549 2226 vel
562 2191 647 2229 claustro
660 2203 701 2228 ma-

23 2259 68 2307 jori,
79 2259 133 2308 quod
145 2258 159 2296 si
170 2258 236 2295 fecerit
253 2259 334 2296 clamide
354 2259 441 2308 privetur
459 2264 478 2296 et
490 2270 549 2308 poena
561 2260 626 2309 gravis
638 2261 701 2309 culpae

26 2339 61 2376 pro
73 2328 115 2367 vice
124 2327 210 2376 qualibet
216 2327 316 2376 puniatur.

28 2410 29 2413 ¹
53 2409 71 2447 5.
81 2397 140 2436 Priori
147 2402 183 2436 -aut
195 2396 308 2446 provinciali
322 2402 341 2435 et
352 2398 394 2447 ejus
412 2398 466 2436 socio
475 2397 600 2447 provideatur
617 2399 637 2436 in
657 2410 701 2437 ves—
