1631 2703
78 82 112 121 168
317 101 320 106 -
348 91 395 119 acra
406 89 466 125 cunr.

72 168 116 210 talia
131 168 183 205 bona
195 167 222 205 sic
233 166 304 204 deforis
316 165 403 214 deposita
419 165 444 202 ad
458 164 560 202 utilitatem
578 168 694 210 conventus,
708 163 741 200 ubi

73 238 110 274 boc
122 236 249 285 contingeret,
264 246 297 284 per
308 235 391 283 priorem
404 234 485 271 localern
498 233 527 269 vel
540 231 677 280 provincialem
693 236 743 269 tota·
798 237 800 242 '

74 306 117 342 liter
125 305 252 354 applicentur.
263 304 336 341 Deinde
346 302 434 340 similiter
442 302 483 339 fieri
493 301 586 339 volumus
596 306 615 337 et
625 300 742 338 mandamus

75 375 141 422 quoad
152 374 219 412 omnia
230 378 249 410 et
261 374 337 421 singula
348 372 372 408 de
380 371 424 414 illis,
438 371 471 419 qui
481 370 571 419 personis
581 370 743 417 quibuscumque

74 443 198 480 saecularibus
216 442 317 491 pecuniam
330 441 406 479 trudent
420 444 489 476 mutuo
501 439 531 476 vel
544 438 665 486 praestabant
680 439 740 476 modo

76 511 129 560 prius
142 511 206 559 posito
220 511 301 547 minime
311 511 422 547 observato.

78 610 81 614 .
102 582 148 617 item
166 581 190 616 de
205 580 274 617 studiis
292 585 310 616 et
327 574 451 617 studentibus
467 578 587 619 ordinamus,
604 577 658 624 quod
677 578 743 614 nullus

76 648 145 686 audeat
157 648 193 686 sibi
204 649 226 685 de
238 653 300 684 cetero
313 648 414 695 impetrare
427 645 561 695 magisterium
575 657 609 693 per
621 645 693 682 curiam
706 646 745 683 Ro-

77 728 155 754 manam
164 714 221 769 [fieri]
233 718 263 753 vel
276 718 295 753 in
307 718 343 753 nlio
359 717 401 753 loco
414 726 540 763 quocumque
552 714 594 752 sine
606 714 682 751 licentia
694 715 745 762 prio-

77 785 103 822 ris
112 785 207 833 generalis
217 784 270 832 prius
283 796 341 832 super
353 785 389 821 boc
402 784 460 831 petitu
472 788 491 820 et
502 783 594 829 obtenta3
606 784 659 831 quod
672 782 744 830 siquis

78 854 191 901 oppositum
210 854 282 897 lecerit,
302 854 403 895 volumus
421 852 474 899 quod
490 852 562 889 nullam
577 851 697 888 taxationem
713 856 746 889 aut

78 921 230 959 subventionem
240 923 264 958 ab
274 921 340 958 ordine
349 922 378 957 vel
390 932 400 958 a
410 931 444 957 sna
454 921 551 968 provincia
561 920 640 968 recipiat
652 931 744 968 quoquo·

80 990 146 1033 modo,
160 991 194 1028 sed
204 990 246 1038 ipso
259 992 309 1027 sacto
318 989 372 1026 omni
386 990 467 1033 bonore,
478 989 539 1037 gradu
552 994 570 1026 et
582 994 634 1026 statu
646 989 665 1026 in
678 988 746 1025 ordine

80 1058 106 1095 sit
118 1058 211 1105 privatus.

81 1158 83 1161 .
104 1127 150 1164 ltem
160 1128 280 1171 ordinamus,
293 1127 347 1174 quod
360 1126 457 1174 magistris
470 1126 527 1164 novis
539 1126 629 1175 Parysius'
639 1126 747 1174 incipienti-

80 1196 118 1233 bus
130 1207 170 1233 non
183 1196 245 1244 possit
257 1208 266 1232 a
276 1196 417 1233 communitate
429 1207 471 1233 suae
483 1196 587 1244 provinciae
602 1196 639 1233 nisi
655 1197 678 1233 de
690 1195 748 1232 XXlV

80 1264 159 1301 florenis
169 1265 273 1311 provideri.
284 1264 381 1312 Magistris
391 1268 455 1301 autem
469 1276 502 1312 per
513 1264 586 1301 curiam
599 1264 653 1301 factis
665 1264 716 1301 etde
727 1264 748 1300 li-

79 1332 141 1368 centia
151 1332 219 1380 prioris
229 1333 325 1381 generalis
335 1332 358 1369 de
370 1333 400 1369 >rt
412 1333 490 1370 florenis
503 1345 512 1370 a
522 1344 555 1370 sun
566 1333 664 1380 provincia
676 1338 695 1369 et
707 1343 747 1369 non

80 1402 137 1438 ultra.
150 1401 190 1438 Sub
203 1403 237 1438 hac
249 1406 314 1439 autem
324 1401 446 1438 ordinatione
458 1413 498 1438 non
511 1401 630 1438 includimus
643 1401 749 1450 irrugistros

81 1479 145 1506 novos
153 1470 177 1506 de
187 1469 263 1518 Anglii,
276 1480 327 1517 quos
335 1469 358 1506 ad
366 1480 421 1507 suam
430 1470 592 1507 consuetudinem
601 1475 659 1517 atque
667 1470 748 1507 modum

83 1537 207 1575 remittimus.

105 1606 152 1643 ltem
169 1607 283 1644 ordinamus
293 1611 311 1644 et
324 1607 436 1651 statuimus,
450 1608 504 1654 quod
519 1608 585 1644 nullus
594 1608 618 1643 de
631 1612 693 1644 cetero
706 1619 750 1655 pro-

81 1679 183 1712 moventur
195 1676 219 1712 ad
231 1675 337 1723 legendum
350 1675 429 1712 biblium
441 1677 471 1714 vel
486 1675 594 1713 Sententias
610 1676 700 1725 Parysius
712 1676 748 1713 nisi

81 1743 134 1790 prius
147 1743 166 1779 in
178 1744 248 1780 eodem
261 1743 368 1792 parysiensi
381 1744 446 1781 studio
459 1743 533 1781 steterit
545 1755 577 1792 per
588 1749 627 1782 tres
640 1756 710 1788 annos,
722 1745 748 1782 sic

81 1812 135 1858 quod
158 1817 197 1848 tres
216 1812 370 1849 contributiones
387 1812 472 1855 solverit,
490 1818 547 1860 prout
568 1813 649 1859 quilibet
667 1813 749 1850 studens

81 1879 135 1916 omni
147 1890 199 1916 anno
212 1881 287 1917 solvere
302 1881 411 1917 consuevit.
428 1881 450 1917 Et
466 1880 602 1924 nibilominus,
613 1882 667 1928 quod
683 1882 749 1919 nullus

82 1947 182 1985 ordinetur
198 1948 221 1984 de
241 1953 305 1991 cetero
323 1948 346 1983 ad
364 1948 469 1996 legendnm
485 1948 593 1985 Sententias
607 1949 697 1996 Pnrysius
713 1949 749 1986 nisi

83 2015 137 2062 prius
150 2015 228 2052 bibliam
241 2015 308 2063 legerit
320 2015 338 2052 in
348 2015 413 2053 studio
426 2016 544 2063 supradicto.
560 2016 582 2053 Et
595 2018 644 2053 hanc
656 2017 751 2055 constitu·

81 2084 155 2122 tionem
168 2085 260 2122 volumus
273 2084 423 2122 irrevocabiliter
434 2085 539 2128 observari,
548 2096 583 2122 nec
594 2086 652 2123 etiam
665 2087 751 2123 revocari

82 2163 140 2201 posse
151 2152 187 2189 nisi
198 2154 223 2190 ob
233 2153 327 2196 defectus,
339 2158 418 2201 propter
428 2153 494 2200 culpas
504 2154 534 2190 vel
545 2158 627 2190 mortem
640 2154 749 2202 aliquorum

83 2221 224 2266 ordinatorum,
238 2221 257 2259 in
268 2233 307 2270 quo
317 2233 363 2259 casu
376 2221 531 2271 priorgeneralis
544 2223 593 2260 sicut
605 2223 641 2260 sibi
654 2223 751 2262 videbitur

27 2307 31 2310 ·
84 2291 146 2334 valeat
155 2291 251 2329 ordinare.

110 2359 156 2397 item
166 2361 257 2406 volumus
267 2364 286 2397 et
295 2360 408 2398 ordinamus
418 2365 475 2409 atque
484 2361 608 2405 mandamus,
619 2362 673 2408 quod
683 2362 750 2400 iratres
