1631 2703
272 98 340 127 cenea.
356 99 375 126 a.
391 99 410 127 o.
426 86 483 139 1336.
661 66 708 139 '135

42 171 75 209 ubi
88 172 157 209 dicitur
167 171 198 221 (r)
209 173 262 220 quod
275 174 343 211 fratres
355 184 424 210 omnes
438 173 572 221 superioribus
585 174 676 212 obediant
687 174 707 211 in

42 241 136 278 omnibus
154 241 210 278 licitis
226 242 350 294 ethonestis
361 242 426 279 statim
441 242 535 279 addatur:
555 242 588 291 qui
602 253 648 280 vero
664 253 709 290 spe-

41 308 81 346 ciali
94 309 185 351 mandato
195 309 224 352 sui
236 309 348 358 superioris,
359 310 396 347 sibi
408 310 532 358 singulariter
542 315 575 347 aut
587 310 623 348 sibi
636 316 654 348 et
665 311 708 348 aliis

41 378 146 429 pluraliter,
162 389 203 415 non
215 378 307 420 obedierit
319 390 354 416 seu
368 378 387 414 in
400 379 518 416 contrarium
533 378 616 425 venerit,
632 379 674 416 loco
689 364 711 432 et

41 457 89 483 voce
99 450 161 483 careat
174 446 217 494 ipso
230 447 286 490 facto,
300 450 319 483 et
331 446 346 483 si
357 446 375 482 in
388 445 491 500 praesentia
500 446 535 498 sui
547 446 653 495 superioris
670 442 707 500 huss

39 514 126 562 jusmodi
139 514 230 551 mandato
242 526 281 556 non
294 514 388 551 obedierit
398 519 432 551 aut
444 508 585 563 contravenerit
603 498 707 567 poenam-⁵

40 582 121 620 bellium
134 583 231 630 puniatur.
249 620 250 623 ,
586 574 587 577 “
672 631 674 634 .
695 569 698 575 ¹

66 650 112 687 ltem
124 650 205 687 Rubrica
217 650 286 687 XXXV
297 649 321 686 de
333 649 511 698 improperantibus
527 653 545 686 et
560 645 706 687 diffamantibus

40 722 78 755 etc.
89 718 122 755 ubi
139 718 216 760 dicitur,
232 716 262 768 (a)
271 718 333 766 quod.
343 718 358 755 si
374 718 484 770 quisapud
499 719 560 755 bonas
575 722 594 755 et
612 708 707 755 notabiles

41 797 133 834 personas
142 786 251 830 cle-crimine
260 787 373 838 diffamatus
381 786 444 829 luerit,
452 786 534 833 addatur
542 788 571 823 vel
582 786 708 833 suspectione

41 854 135 908 probabili
147 854 172 891 sit
183 859 286 902 suspectus
298 859 316 890 et
328 855 381 891 aliter
393 854 482 891 convinci
491 865 531 890 non
544 854 622 901 poterit,
636 853 708 891 indica-

40 928 72 959 tur
82 923 118 960 sibi
127 922 218 966 canonica
231 922 333 971 purgatio,r
343 927 363 959 ut
374 922 452 959 tandem
465 922 592 959 convincatur
604 922 619 959 si
630 922 649 959 in
662 933 708 970 pur-

40 990 119 1038 gatione
136 990 226 1027 defecerit
242 991 273 1034 vel
292 993 391 1037 recuperet
408 990 480 1026 bonam
501 991 580 1026 farinam.
597 991 643 1026 ltem
661 1001 706 1027 cum

41 1042 119 1105 quidam
135 1058 241 1096 insolentes
253 1057 323 1095 Divino
338 1058 408 1094 timore
420 1058 509 1105 neglecto
520 1057 568 1094 mala
583 1058 710 1097 committere

41 1136 80 1163 non
90 1126 204 1170 formidant,
215 1137 238 1162 eo
250 1126 303 1174 quod
315 1125 418 1172 adjudices
431 1136 470 1162 non
478 1137 525 1163 suos
537 1125 707 1163 ecclesiasticos'et

41 1195 142 1231 saeculares
157 1199 255 1232 recurrant
272 1205 307 1248 pro
325 1193 420 1231 habendis
437 1193 587 1243 purgationibus
599 1205 665 1231 coram
679 1194 707 1230 eis

40 1273 100 1310 super
109 1262 193 1301 diversis
204 1262 320 1299 criminibus
332 1263 355 1299 de
367 1261 440 1309 quibus
451 1262 538 1299 infamati
554 1266 663 1300 noscuntur
674 1267 708 1299 aut

40 1330 165 1379 probabiliter
176 1334 223 1368 sunt
234 1329 326 1379 suspecti,
340 1330 479 1373 correctionem
489 1330 530 1367 sive
537 1330 633 1378 iustitiam
643 1329 707 1378 requi-

41 1402 106 1444 rentes
117 1399 141 1435 ab
158 1399 192 1443 eis,
208 1409 242 1446 per
254 1400 291 1436 hoc
306 1400 377 1435 malam
395 1398 455 1435 vitam
468 1399 551 1436 subdole
568 1383 670 1446 palliantes
683 1403 705 1435 ut

41 1467 170 1516 correctiones
181 1467 230 1508 infra
242 1466 331 1504 ordinem
344 1466 438 1513 effugiant
460 1467 564 1515 regulares,
580 1466 598 1502 in
612 1466 708 1514 periculo-

42 1546 86 1579 sum
98 1536 210 1590 exemplum
222 1539 241 1572 et
252 1534 364 1572 scandalum
377 1535 515 1582 plurimorum.
531 1534 638 1572 Statuimus
653 1534 706 1583 quod

42 1603 232 1651 quicumquetrater
250 1603 394 1651 cujuscumque
411 1607 480 1646 status,
499 1602 579 1650 gradus,
599 1601 656 1639 officii
674 1606 710 1639 aut

42 1670 159 1708 conditionis
177 1671 254 1715 existat,
275 1681 310 1719 pro
324 1670 456 1714 correctione,
475 1670 592 1722 purgatione
605 1681 649 1711 ,seu
672 1670 707 1706 alia

42 1739 156 1777 executione
164 1739 245 1789 justitiae
254 1739 393 1788 qualicumque
405 1750 440 1788 pro
449 1750 470 1776 se
480 1744 513 1776 aut
520 1738 562 1776 aliis
571 1738 663 1792 fratribus
672 1749 708 1776 seu

43 1808 168 1847 saecularibus
180 1808 203 1845 ad
217 1808 301 1856 judicem
314 1819 354 1845 non
366 1819 425 1846 suum
439 1808 482 1845 sine
494 1807 564 1856 prioris
576 1807 671 1856 generalis
687 1808 709 1844 li-

43 1877 104 1915 centia
115 1882 148 1914 aut
164 1876 287 1926 provincialis
304 1877 422 1926 contugerit,
435 1876 505 1914 carceri
523 1876 657 1924 mancipetur3
676 1887 709 1924 per

29 1998 31 2001 .
43 1947 155 1986 hoctamen
165 1946 337 2001 non'intenclimus
346 1946 448 1984 excludere
460 1945 507 1993 quin
517 1945 541 1983 de
553 1945 615 1994 culpis
627 1945 708 1983 fratrum

43 2020 61 2052 et
73 2015 168 2053 scandalis
181 2014 256 2063 possint
266 2015 376 2062 superiores
388 2014 461 2051 ordinis
471 2014 570 2051 informari
582 2018 601 2050 et
610 2013 709 2051 certificari

44 2095 77 2132 per
89 2093 184 2132 personas
195 2083 234 2125 fide
243 2083 313 2132 dignas
325 2083 382 2120 etiam
391 2069 501 2121 saeculares.

70 2152 119 2189 ltem
128 2152 232 2193 statuimus
244 2152 296 2200 quod
309 2152 423 2200 omnesqui
435 2152 458 2189 de
470 2151 574 2189 schismate
583 2155 601 2187 et
615 2149 710 2189 divisione

46 2298 148 2339 aliur.

36 2358 210 2400 *ulna-,ff
