<?xml version="1.0" encoding="UTF-8"?>
<!DOCTYPE html PUBLIC "-//W3C//DTD XHTML 1.0 Transitional//EN"
    "http://www.w3.org/TR/xhtml1/DTD/xhtml1-transitional.dtd">
<html xmlns="http://www.w3.org/1999/xhtml" xml:lang="en" lang="en">
 <head>
  <title>
</title>
<meta http-equiv="Content-Type" content="text/html;charset=utf-8" />
  <meta name='ocr-system' content='tesseract 3.04.00' />
  <meta name='ocr-capabilities' content='ocr_page ocr_carea ocr_par ocr_line ocrx_word'/>
</head>
<body>
  <div class='ocr_page' id='page_1' title='image "MN5087ucmf_2_0114.png"; bbox 0 0 1631 2703; ppageno 0'>
   <div class='ocr_carea' id='block_1_1' title="bbox 87 97 502 146">
    <p class='ocr_par' dir='ltr' id='par_1_1' title="bbox 87 97 502 146">
     <span class='ocr_line' id='line_1_1' title="bbox 87 97 502 146; baseline 0.007 -14"><span class='ocrx_word' id='word_1_1' title='bbox 87 97 112 146; x_wconf 75' lang='lat'>93</span> <span class='ocrx_word' id='word_1_2' title='bbox 343 106 502 136; x_wconf 79' lang='lat' dir='ltr'>cousnrunouas</span> 
     </span>
    </p>
   </div>
   <div class='ocr_carea' id='block_1_2' title="bbox 86 178 755 300">
    <p class='ocr_par' dir='ltr' id='par_1_2' title="bbox 86 178 755 300">
     <span class='ocr_line' id='line_1_2' title="bbox 86 178 755 231; baseline 0.004 -13"><span class='ocrx_word' id='word_1_3' title='bbox 86 180 192 225; x_wconf 76' lang='lat' dir='ltr'>intraverit,</span> <span class='ocrx_word' id='word_1_4' title='bbox 207 192 242 219; x_wconf 85' lang='lat' dir='ltr'>nec</span> <span class='ocrx_word' id='word_1_5' title='bbox 253 182 277 219; x_wconf 86' lang='lat' dir='ltr'>ad</span> <span class='ocrx_word' id='word_1_6' title='bbox 289 186 379 220; x_wconf 81' lang='lat' dir='ltr'>nostruin</span> <span class='ocrx_word' id='word_1_7' title='bbox 391 187 413 221; x_wconf 94' lang='lat' dir='ltr'>ut</span> <span class='ocrx_word' id='word_1_8' title='bbox 427 182 551 231; x_wconf 85' lang='lat' dir='ltr'>praemittitur</span> <span class='ocrx_word' id='word_1_9' title='bbox 563 178 650 227; x_wconf 86' lang='lat' dir='ltr'>¹redierit,</span> <span class='ocrx_word' id='word_1_10' title='bbox 661 182 755 221; x_wconf 90' lang='lat' dir='ltr'>volumus</span> 
     </span>
     <span class='ocr_line' id='line_1_3' title="bbox 86 250 755 300; baseline 0.001 -13"><span class='ocrx_word' id='word_1_11' title='bbox 86 254 107 287; x_wconf 88' lang='lat' dir='ltr'>ut</span> <span class='ocrx_word' id='word_1_12' title='bbox 120 251 186 300; x_wconf 89' lang='lat' dir='ltr'>elapso</span> <span class='ocrx_word' id='word_1_13' title='bbox 201 252 286 288; x_wconf 88' lang='lat' dir='ltr'>termino</span> <span class='ocrx_word' id='word_1_14' title='bbox 299 262 333 300; x_wconf 91' lang='lat' dir='ltr'>per</span> <span class='ocrx_word' id='word_1_15' title='bbox 344 251 623 300; x_wconf 75' lang='lat' dir='ltr'>quemcumquessupertorem</span> <span class='ocrx_word' id='word_1_16' title='bbox 638 250 712 289; x_wconf 79' lang='lat' dir='ltr'>ordinis</span> <span class='ocrx_word' id='word_1_17' title='bbox 724 252 755 288; x_wconf 92' lang='lat' dir='ltr'>vel</span> 
     </span>
    </p>
   </div>
   <div class='ocr_carea' id='block_1_3' title="bbox 85 311 771 1471">
    <p class='ocr_par' dir='ltr' id='par_1_3' title="bbox 85 311 771 921">
     <span class='ocr_line' id='line_1_4' title="bbox 85 311 771 369; baseline 0 -12"><span class='ocrx_word' id='word_1_18' title='bbox 85 325 196 358; x_wconf 87' lang='lat' dir='ltr'>conventus</span> <span class='ocrx_word' id='word_1_19' title='bbox 207 320 294 369; x_wconf 80' lang='lat' dir='ltr'>capiatur</span> <span class='ocrx_word' id='word_1_20' title='bbox 306 327 324 357; x_wconf 88' lang='lat' dir='ltr'>et</span> <span class='ocrx_word' id='word_1_21' title='bbox 335 321 404 358; x_wconf 90' lang='lat' dir='ltr'>carceri</span> <span class='ocrx_word' id='word_1_22' title='bbox 415 313 543 368; x_wconf 83' lang='lat' dir='ltr'>mancipetur,</span> <span class='ocrx_word' id='word_1_23' title='bbox 557 320 576 357; x_wconf 92' lang='lat' dir='ltr'>in</span> <span class='ocrx_word' id='word_1_24' title='bbox 586 320 654 358; x_wconf 91' lang='lat' dir='ltr'>eodem</span> <span class='ocrx_word' id='word_1_25' title='bbox 665 332 755 369; x_wconf 88' lang='lat' dir='ltr'>perman·</span> <span class='ocrx_word' id='word_1_26' title='bbox 769 311 771 314; x_wconf 42' lang='grc'>’</span> 
     </span>
     <span class='ocr_line' id='line_1_5' title="bbox 88 389 756 446; baseline 0.003 -21"><span class='ocrx_word' id='word_1_27' title='bbox 88 399 154 446; x_wconf 90' lang='lat' dir='ltr'>surus,</span> <span class='ocrx_word' id='word_1_28' title='bbox 164 400 270 438; x_wconf 84' lang='lat' dir='ltr'>quousque</span> <span class='ocrx_word' id='word_1_29' title='bbox 282 399 316 438; x_wconf 90' lang='lat' dir='ltr'>per</span> <span class='ocrx_word' id='word_1_30' title='bbox 328 389 412 438; x_wconf 85' lang='lat' dir='ltr'>priorem</span> <span class='ocrx_word' id='word_1_31' title='bbox 425 390 536 438; x_wconf 76' lang='lat' dir='ltr'>generalem</span> <span class='ocrx_word' id='word_1_32' title='bbox 549 389 579 427; x_wconf 94' lang='lat' dir='ltr'>vel</span> <span class='ocrx_word' id='word_1_33' title='bbox 591 389 697 438; x_wconf 90' lang='lat' dir='ltr'>capitulum</span> <span class='ocrx_word' id='word_1_34' title='bbox 713 400 756 437; x_wconf 89' lang='lat' dir='ltr'>pro-</span> 
     </span>
     <span class='ocr_line' id='line_1_6' title="bbox 88 457 756 507; baseline 0.001 -12"><span class='ocrx_word' id='word_1_35' title='bbox 88 457 168 496; x_wconf 87' lang='lat' dir='ltr'>vinciale</span> <span class='ocrx_word' id='word_1_36' title='bbox 180 459 278 503; x_wconf 84' lang='lat' dir='ltr'>liberetur,</span> <span class='ocrx_word' id='word_1_37' title='bbox 290 463 311 495; x_wconf 90' lang='lat' dir='ltr'>ut</span> <span class='ocrx_word' id='word_1_38' title='bbox 322 459 345 496; x_wconf 94' lang='lat' dir='ltr'>de</span> <span class='ocrx_word' id='word_1_39' title='bbox 357 458 451 507; x_wconf 86' lang='lat' dir='ltr'>apostatis</span> <span class='ocrx_word' id='word_1_40' title='bbox 460 463 489 496; x_wconf 86' lang='lat' dir='ltr'>est</span> <span class='ocrx_word' id='word_1_41' title='bbox 498 469 621 507; x_wconf 85' lang='lat' dir='ltr'>expressum.</span> <span class='ocrx_word' id='word_1_42' title='bbox 635 458 756 503; x_wconf 80' lang='lat' dir='ltr'>11..Qriau-</span> 
     </span>
     <span class='ocr_line' id='line_1_7' title="bbox 87 527 756 576; baseline 0.003 -13"><span class='ocrx_word' id='word_1_43' title='bbox 87 532 127 565; x_wconf 86' lang='lat' dir='ltr'>tem</span> <span class='ocrx_word' id='word_1_44' title='bbox 140 528 226 566; x_wconf 79' lang='lat' dir='ltr'>existens</span> <span class='ocrx_word' id='word_1_45' title='bbox 242 533 294 565; x_wconf 85' lang='lat' dir='ltr'>extra</span> <span class='ocrx_word' id='word_1_46' title='bbox 312 527 400 565; x_wconf 88' lang='lat' dir='ltr'>ordinem</span> <span class='ocrx_word' id='word_1_47' title='bbox 412 527 485 565; x_wconf 77' lang='lat' dir='ltr'>litteras</span> <span class='ocrx_word' id='word_1_48' title='bbox 496 527 617 566; x_wconf 84' lang='lat' dir='ltr'>dimissorias</span> <span class='ocrx_word' id='word_1_49' title='bbox 629 540 640 565; x_wconf 88' lang='lat' dir='ltr'>a</span> <span class='ocrx_word' id='word_1_50' title='bbox 653 528 711 576; x_wconf 88' lang='lat' dir='ltr'>priori</span> <span class='ocrx_word' id='word_1_51' title='bbox 722 539 756 576; x_wconf 83' lang='lat' dir='ltr'>ge-</span> 
     </span>
     <span class='ocr_line' id='line_1_8' title="bbox 89 596 756 645; baseline 0 -12"><span class='ocrx_word' id='word_1_52' title='bbox 89 596 148 634; x_wconf 90' lang='lat' dir='ltr'>nerali</span> <span class='ocrx_word' id='word_1_53' title='bbox 161 596 237 645; x_wconf 86' lang='lat' dir='ltr'>petierit</span> <span class='ocrx_word' id='word_1_54' title='bbox 257 602 276 634; x_wconf 90' lang='lat' dir='ltr'>et</span> <span class='ocrx_word' id='word_1_55' title='bbox 288 596 400 640; x_wconf 86' lang='lat' dir='ltr'>obtinuerit,</span> <span class='ocrx_word' id='word_1_56' title='bbox 418 607 441 633; x_wconf 88' lang='lat' dir='ltr'>ex</span> <span class='ocrx_word' id='word_1_57' title='bbox 458 601 507 633; x_wconf 89' lang='lat' dir='ltr'>tunc</span> <span class='ocrx_word' id='word_1_58' title='bbox 518 607 551 644; x_wconf 86' lang='lat' dir='ltr'>per</span> <span class='ocrx_word' id='word_1_59' title='bbox 566 596 643 634; x_wconf 92' lang='lat' dir='ltr'>nullum</span> <span class='ocrx_word' id='word_1_60' title='bbox 656 596 756 645; x_wconf 89' lang='lat' dir='ltr'>recipiatur</span> 
     </span>
     <span class='ocr_line' id='line_1_9' title="bbox 89 665 755 714; baseline 0.002 -12"><span class='ocrx_word' id='word_1_61' title='bbox 89 665 126 704; x_wconf 94' lang='lat' dir='ltr'>nisi</span> <span class='ocrx_word' id='word_1_62' title='bbox 138 666 162 703; x_wconf 89' lang='lat' dir='ltr'>ad</span> <span class='ocrx_word' id='word_1_63' title='bbox 179 677 282 713; x_wconf 80' lang='lat' dir='ltr'>carcerem,</span> <span class='ocrx_word' id='word_1_64' title='bbox 302 665 335 714; x_wconf 92' lang='lat' dir='ltr'>qui</span> <span class='ocrx_word' id='word_1_65' title='bbox 350 670 425 713; x_wconf 89' lang='lat' dir='ltr'>peracta</span> <span class='ocrx_word' id='word_1_66' title='bbox 446 665 560 713; x_wconf 66' lang='lat' dir='ltr'>poenitentia</span> <span class='ocrx_word' id='word_1_67' title='bbox 574 665 672 714; x_wconf 88' lang='lat' dir='ltr'>condigna</span> <span class='ocrx_word' id='word_1_68' title='bbox 689 666 755 703; x_wconf 90' lang='lat' dir='ltr'>locum</span> 
     </span>
     <span class='ocr_line' id='line_1_10' title="bbox 89 733 757 783; baseline 0 -12"><span class='ocrx_word' id='word_1_69' title='bbox 89 739 154 773; x_wconf 88' lang='lat' dir='ltr'>teneat</span> <span class='ocrx_word' id='word_1_70' title='bbox 168 746 213 772; x_wconf 89' lang='lat' dir='ltr'>cum</span> <span class='ocrx_word' id='word_1_71' title='bbox 227 734 305 773; x_wconf 92' lang='lat' dir='ltr'>novitiis</span> <span class='ocrx_word' id='word_1_72' title='bbox 320 733 339 771; x_wconf 92' lang='lat' dir='ltr'>in</span> <span class='ocrx_word' id='word_1_73' title='bbox 352 733 442 782; x_wconf 88' lang='lat' dir='ltr'>capitulo,</span> <span class='ocrx_word' id='word_1_74' title='bbox 457 733 558 771; x_wconf 79' lang='lat' dir='ltr'>refectorio</span> <span class='ocrx_word' id='word_1_75' title='bbox 573 738 591 771; x_wconf 91' lang='lat' dir='ltr'>et</span> <span class='ocrx_word' id='word_1_76' title='bbox 602 735 663 772; x_wconf 91' lang='lat' dir='ltr'>choro</span> <span class='ocrx_word' id='word_1_77' title='bbox 679 745 700 771; x_wconf 90' lang='lat' dir='ltr'>ac</span> <span class='ocrx_word' id='word_1_78' title='bbox 713 745 757 783; x_wconf 91' lang='lat' dir='ltr'>pro-</span> 
     </span>
     <span class='ocr_line' id='line_1_11' title="bbox 89 802 757 851; baseline -0.003 -9"><span class='ocrx_word' id='word_1_79' title='bbox 89 803 183 850; x_wconf 86' lang='lat' dir='ltr'>cessione,</span> <span class='ocrx_word' id='word_1_80' title='bbox 196 803 258 841; x_wconf 91' lang='lat' dir='ltr'>donec</span> <span class='ocrx_word' id='word_1_81' title='bbox 270 815 314 841; x_wconf 90' lang='lat' dir='ltr'>curn</span> <span class='ocrx_word' id='word_1_82' title='bbox 327 814 350 840; x_wconf 92' lang='lat' dir='ltr'>eo</span> <span class='ocrx_word' id='word_1_83' title='bbox 362 802 419 841; x_wconf 85' lang='lat' dir='ltr'>tuerit</span> <span class='ocrx_word' id='word_1_84' title='bbox 428 802 571 850; x_wconf 88' lang='lat' dir='ltr'>dispensatum,</span> <span class='ocrx_word' id='word_1_85' title='bbox 581 802 632 841; x_wconf 90' lang='lat' dir='ltr'>sicut</span> <span class='ocrx_word' id='word_1_86' title='bbox 643 803 668 840; x_wconf 89' lang='lat' dir='ltr'>de</span> <span class='ocrx_word' id='word_1_87' title='bbox 679 808 757 851; x_wconf 85' lang='lat' dir='ltr'>aposta-</span> 
     </span>
     <span class='ocr_line' id='line_1_12' title="bbox 90 873 289 921; baseline -0.005 -11"><span class='ocrx_word' id='word_1_88' title='bbox 90 873 114 910; x_wconf 88' lang='lat' dir='ltr'>tis</span> <span class='ocrx_word' id='word_1_89' title='bbox 127 879 157 911; x_wconf 89' lang='lat' dir='ltr'>est</span> <span class='ocrx_word' id='word_1_90' title='bbox 166 883 289 921; x_wconf 90' lang='lat' dir='ltr'>expressum.</span> 
     </span>
    </p>

    <p class='ocr_par' dir='ltr' id='par_1_4' title="bbox 90 941 759 1471">
     <span class='ocr_line' id='line_1_13' title="bbox 119 941 758 990; baseline -0.003 -11"><span class='ocrx_word' id='word_1_91' title='bbox 119 953 148 980; x_wconf 87' lang='lat'>12.</span> <span class='ocrx_word' id='word_1_92' title='bbox 164 942 210 979; x_wconf 89' lang='lat' dir='ltr'>ltem</span> <span class='ocrx_word' id='word_1_93' title='bbox 223 941 327 979; x_wconf 83' lang='lat' dir='ltr'>statuimus</span> <span class='ocrx_word' id='word_1_94' title='bbox 339 945 358 978; x_wconf 91' lang='lat' dir='ltr'>et</span> <span class='ocrx_word' id='word_1_95' title='bbox 370 941 491 984; x_wconf 88' lang='lat' dir='ltr'>ordinamus,</span> <span class='ocrx_word' id='word_1_96' title='bbox 505 941 557 989; x_wconf 92' lang='lat' dir='ltr'>quod</span> <span class='ocrx_word' id='word_1_97' title='bbox 569 945 656 990; x_wconf 83' lang='lat' dir='ltr'>tempus,</span> <span class='ocrx_word' id='word_1_98' title='bbox 672 952 712 990; x_wconf 90' lang='lat' dir='ltr'>quo</span> <span class='ocrx_word' id='word_1_99' title='bbox 724 941 758 978; x_wconf 87' lang='lat' dir='ltr'>ali-</span> 
     </span>
     <span class='ocr_line' id='line_1_14' title="bbox 90 1009 756 1059; baseline -0.003 -10"><span class='ocrx_word' id='word_1_100' title='bbox 90 1010 134 1058; x_wconf 89' lang='lat' dir='ltr'>quis</span> <span class='ocrx_word' id='word_1_101' title='bbox 146 1010 165 1048; x_wconf 90' lang='lat' dir='ltr'>in</span> <span class='ocrx_word' id='word_1_102' title='bbox 177 1010 273 1059; x_wconf 82' lang='lat' dir='ltr'>apostasia</span> <span class='ocrx_word' id='word_1_103' title='bbox 287 1009 344 1048; x_wconf 82' lang='lat' dir='ltr'>fuerit</span> <span class='ocrx_word' id='word_1_104' title='bbox 360 1011 390 1048; x_wconf 87' lang='lat' dir='ltr'>vel</span> <span class='ocrx_word' id='word_1_105' title='bbox 408 1009 426 1047; x_wconf 94' lang='lat' dir='ltr'>in</span> <span class='ocrx_word' id='word_1_106' title='bbox 443 1011 509 1047; x_wconf 90' lang='lat' dir='ltr'>tuturo</span> <span class='ocrx_word' id='word_1_107' title='bbox 526 1010 568 1054; x_wconf 86' lang='lat' dir='ltr'>erit,</span> <span class='ocrx_word' id='word_1_108' title='bbox 582 1010 648 1058; x_wconf 90' lang='lat' dir='ltr'>quoad</span> <span class='ocrx_word' id='word_1_109' title='bbox 659 1011 724 1048; x_wconf 89' lang='lat' dir='ltr'>locum</span> <span class='ocrx_word' id='word_1_110' title='bbox 737 1015 756 1048; x_wconf 89' lang='lat' dir='ltr'>et</span> 
     </span>
     <span class='ocr_line' id='line_1_15' title="bbox 91 1078 758 1128; baseline -0.001 -11"><span class='ocrx_word' id='word_1_111' title='bbox 91 1080 174 1128; x_wconf 85' lang='lat' dir='ltr'>gradum</span> <span class='ocrx_word' id='word_1_112' title='bbox 186 1079 236 1117; x_wconf 89' lang='lat' dir='ltr'>inter</span> <span class='ocrx_word' id='word_1_113' title='bbox 247 1081 315 1117; x_wconf 84' lang='lat' dir='ltr'>fratres</span> <span class='ocrx_word' id='word_1_114' title='bbox 330 1079 450 1123; x_wconf 88' lang='lat' dir='ltr'>habendum,</span> <span class='ocrx_word' id='word_1_115' title='bbox 464 1083 522 1127; x_wconf 91' lang='lat' dir='ltr'>prout</span> <span class='ocrx_word' id='word_1_116' title='bbox 533 1079 607 1124; x_wconf 81' lang='lat' dir='ltr'>iustum</span> <span class='ocrx_word' id='word_1_117' title='bbox 620 1083 639 1117; x_wconf 90' lang='lat' dir='ltr'>et</span> <span class='ocrx_word' id='word_1_118' title='bbox 655 1078 758 1117; x_wconf 90' lang='lat' dir='ltr'>rationabi-</span> 
     </span>
     <span class='ocr_line' id='line_1_16' title="bbox 91 1147 758 1197; baseline 0.001 -13"><span class='ocrx_word' id='word_1_119' title='bbox 91 1148 109 1184; x_wconf 90' lang='lat' dir='ltr'>le</span> <span class='ocrx_word' id='word_1_120' title='bbox 118 1152 155 1192; x_wconf 86' lang='lat' dir='ltr'>est,</span> <span class='ocrx_word' id='word_1_121' title='bbox 166 1147 202 1185; x_wconf 89' lang='lat' dir='ltr'>sibi</span> <span class='ocrx_word' id='word_1_122' title='bbox 212 1149 324 1185; x_wconf 88' lang='lat' dir='ltr'>nullatenus</span> <span class='ocrx_word' id='word_1_123' title='bbox 337 1152 470 1196; x_wconf 90' lang='lat' dir='ltr'>computetur.</span> <span class='ocrx_word' id='word_1_124' title='bbox 488 1158 517 1197; x_wconf 73' lang='lat'>13.</span> <span class='ocrx_word' id='word_1_125' title='bbox 530 1148 577 1185; x_wconf 87' lang='lat' dir='ltr'>lrem</span> <span class='ocrx_word' id='word_1_126' title='bbox 589 1147 694 1185; x_wconf 85' lang='lat' dir='ltr'>statuimus</span> <span class='ocrx_word' id='word_1_127' title='bbox 704 1148 758 1196; x_wconf 91' lang='lat' dir='ltr'>quod</span> 
     </span>
     <span class='ocr_line' id='line_1_17' title="bbox 94 1216 758 1265; baseline -0.002 -10"><span class='ocrx_word' id='word_1_128' title='bbox 94 1217 215 1265; x_wconf 86' lang='lat' dir='ltr'>quicumque</span> <span class='ocrx_word' id='word_1_129' title='bbox 226 1217 279 1254; x_wconf 88' lang='lat' dir='ltr'>vadit</span> <span class='ocrx_word' id='word_1_130' title='bbox 293 1217 317 1253; x_wconf 88' lang='lat' dir='ltr'>ad</span> <span class='ocrx_word' id='word_1_131' title='bbox 335 1217 429 1265; x_wconf 85' lang='lat' dir='ltr'>majorem</span> <span class='ocrx_word' id='word_1_132' title='bbox 439 1227 498 1254; x_wconf 90' lang='lat' dir='ltr'>suurn</span> <span class='ocrx_word' id='word_1_133' title='bbox 516 1216 558 1254; x_wconf 90' lang='lat' dir='ltr'>sine</span> <span class='ocrx_word' id='word_1_134' title='bbox 576 1216 650 1254; x_wconf 81' lang='lat' dir='ltr'>licentia</span> <span class='ocrx_word' id='word_1_135' title='bbox 660 1216 718 1265; x_wconf 86' lang='lat' dir='ltr'>petita</span> <span class='ocrx_word' id='word_1_136' title='bbox 728 1217 758 1255; x_wconf 90' lang='lat' dir='ltr'>sui</span> 
     </span>
     <span class='ocr_line' id='line_1_18' title="bbox 92 1285 759 1335; baseline 0.001 -12"><span class='ocrx_word' id='word_1_137' title='bbox 92 1285 204 1335; x_wconf 84' lang='lat' dir='ltr'>superioris,</span> <span class='ocrx_word' id='word_1_138' title='bbox 223 1286 266 1323; x_wconf 91' lang='lat' dir='ltr'>loco</span> <span class='ocrx_word' id='word_1_139' title='bbox 278 1291 297 1323; x_wconf 90' lang='lat' dir='ltr'>et</span> <span class='ocrx_word' id='word_1_140' title='bbox 308 1296 357 1323; x_wconf 87' lang='lat' dir='ltr'>voce</span> <span class='ocrx_word' id='word_1_141' title='bbox 369 1286 454 1334; x_wconf 88' lang='lat' dir='ltr'>privetur</span> <span class='ocrx_word' id='word_1_142' title='bbox 470 1296 492 1323; x_wconf 92' lang='lat' dir='ltr'>eo</span> <span class='ocrx_word' id='word_1_143' title='bbox 504 1285 555 1334; x_wconf 89' lang='lat' dir='ltr'>ipso,</span> <span class='ocrx_word' id='word_1_144' title='bbox 568 1289 587 1323; x_wconf 81' lang='lat' dir='ltr'>et</span> <span class='ocrx_word' id='word_1_145' title='bbox 601 1286 681 1324; x_wconf 91' lang='lat' dir='ltr'>ulterius</span> <span class='ocrx_word' id='word_1_146' title='bbox 691 1286 759 1334; x_wconf 88' lang='lat' dir='ltr'>punia-</span> 
     </span>
     <span class='ocr_line' id='line_1_19' title="bbox 91 1353 759 1402; baseline 0.001 -11"><span class='ocrx_word' id='word_1_147' title='bbox 91 1359 123 1392; x_wconf 90' lang='lat' dir='ltr'>tur</span> <span class='ocrx_word' id='word_1_148' title='bbox 135 1354 243 1392; x_wconf 92' lang='lat' dir='ltr'>secundum</span> <span class='ocrx_word' id='word_1_149' title='bbox 253 1354 307 1402; x_wconf 90' lang='lat' dir='ltr'>quod</span> <span class='ocrx_word' id='word_1_150' title='bbox 319 1353 345 1390; x_wconf 91' lang='lat' dir='ltr'>illi</span> <span class='ocrx_word' id='word_1_151' title='bbox 355 1353 449 1402; x_wconf 89' lang='lat' dir='ltr'>superiori</span> <span class='ocrx_word' id='word_1_152' title='bbox 461 1353 484 1390; x_wconf 91' lang='lat' dir='ltr'>ad</span> <span class='ocrx_word' id='word_1_153' title='bbox 496 1365 556 1402; x_wconf 87' lang='lat' dir='ltr'>quem</span> <span class='ocrx_word' id='word_1_154' title='bbox 566 1354 607 1400; x_wconf 88' lang='lat' dir='ltr'>ibit,</span> <span class='ocrx_word' id='word_1_155' title='bbox 621 1353 717 1392; x_wconf 86' lang='lat' dir='ltr'>videbitur</span> <span class='ocrx_word' id='word_1_156' title='bbox 726 1366 759 1392; x_wconf 86' lang='lat' dir='ltr'>ex-</span> 
     </span>
     <span class='ocr_line' id='line_1_20' title="bbox 92 1423 164 1471; baseline 0.014 -11"><span class='ocrx_word' id='word_1_157' title='bbox 92 1423 164 1471; x_wconf 85' lang='lat' dir='ltr'>pedire.</span> 
     </span>
    </p>
   </div>
   <div class='ocr_carea' id='block_1_4' title="bbox 127 1538 719 1655">
    <p class='ocr_par' dir='ltr' id='par_1_5' title="bbox 127 1538 719 1655">
     <span class='ocr_line' id='line_1_21' title="bbox 127 1538 719 1581; baseline 0.002 -6"><span class='ocrx_word' id='word_1_158' title='bbox 127 1538 188 1575; x_wconf 79' lang='lat' dir='ltr'>Runa.</span> <span class='ocrx_word' id='word_1_159' title='bbox 204 1538 274 1575; x_wconf 87' lang='lat' dir='ltr'>XXXll.</span> <span class='ocrx_word' id='word_1_160' title='bbox 287 1538 314 1575; x_wconf 78' lang='lat' dir='ltr'>na</span> <span class='ocrx_word' id='word_1_161' title='bbox 326 1548 386 1575; x_wconf 81' lang='lat' dir='ltr'>LnPsls</span> <span class='ocrx_word' id='word_1_162' title='bbox 397 1548 414 1575; x_wconf 88' lang='lat' dir='ltr'>ru</span> <span class='ocrx_word' id='word_1_163' title='bbox 426 1547 524 1575; x_wconf 72' lang='lat' dir='ltr'>neccarum</span> <span class='ocrx_word' id='word_1_164' title='bbox 535 1547 607 1581; x_wconf 82' lang='lat' dir='ltr'>cannis,</span> <span class='ocrx_word' id='word_1_165' title='bbox 618 1548 719 1576; x_wconf 78' lang='lat' dir='ltr'>rusonraus</span> 
     </span>
     <span class='ocr_line' id='line_1_22' title="bbox 325 1626 506 1655; baseline -0.006 -1"><span class='ocrx_word' id='word_1_166' title='bbox 325 1626 506 1655; x_wconf 76' lang='lat' dir='ltr'>araronouauncrs.</span> 
     </span>
    </p>
   </div>
   <div class='ocr_carea' id='block_1_5' title="bbox 91 1732 793 2399">
    <p class='ocr_par' dir='ltr' id='par_1_6' title="bbox 91 1732 793 2399">
     <span class='ocr_line' id='line_1_23' title="bbox 122 1732 756 1780; baseline 0 -10"><span class='ocrx_word' id='word_1_167' title='bbox 122 1742 138 1771; x_wconf 92' lang='lat' dir='ltr'>r.</span> <span class='ocrx_word' id='word_1_168' title='bbox 149 1732 168 1770; x_wconf 87' lang='lat' dir='ltr'>Si</span> <span class='ocrx_word' id='word_1_169' title='bbox 180 1732 224 1780; x_wconf 93' lang='lat' dir='ltr'>quis</span> <span class='ocrx_word' id='word_1_170' title='bbox 236 1732 255 1769; x_wconf 95' lang='lat' dir='ltr'>in</span> <span class='ocrx_word' id='word_1_171' title='bbox 271 1736 372 1780; x_wconf 88' lang='lat' dir='ltr'>peccatum</span> <span class='ocrx_word' id='word_1_172' title='bbox 387 1732 448 1769; x_wconf 90' lang='lat' dir='ltr'>carnis</span> <span class='ocrx_word' id='word_1_173' title='bbox 460 1733 527 1780; x_wconf 87' lang='lat' dir='ltr'>lapsus</span> <span class='ocrx_word' id='word_1_174' title='bbox 543 1732 600 1769; x_wconf 85' lang='lat' dir='ltr'>fuerit</span> <span class='ocrx_word' id='word_1_175' title='bbox 615 1738 634 1770; x_wconf 89' lang='lat' dir='ltr'>et</span> <span class='ocrx_word' id='word_1_176' title='bbox 648 1732 756 1778; x_wconf 87' lang='lat' dir='ltr'>convictus,</span> 
     </span>
     <span class='ocr_line' id='line_1_24' title="bbox 93 1800 757 1849; baseline 0 -11"><span class='ocrx_word' id='word_1_177' title='bbox 93 1812 127 1848; x_wconf 87' lang='lat' dir='ltr'>per</span> <span class='ocrx_word' id='word_1_178' title='bbox 137 1801 239 1838; x_wconf 87' lang='lat' dir='ltr'>dimidium</span> <span class='ocrx_word' id='word_1_179' title='bbox 252 1812 326 1838; x_wconf 89' lang='lat' dir='ltr'>annum</span> <span class='ocrx_word' id='word_1_180' title='bbox 338 1801 407 1838; x_wconf 86' lang='lat' dir='ltr'>carceri</span> <span class='ocrx_word' id='word_1_181' title='bbox 420 1800 541 1849; x_wconf 83' lang='lat' dir='ltr'>mancipetur</span> <span class='ocrx_word' id='word_1_182' title='bbox 554 1805 573 1837; x_wconf 91' lang='lat' dir='ltr'>et</span> <span class='ocrx_word' id='word_1_183' title='bbox 584 1801 649 1838; x_wconf 88' lang='lat' dir='ltr'>locum</span> <span class='ocrx_word' id='word_1_184' title='bbox 659 1806 677 1838; x_wconf 89' lang='lat' dir='ltr'>et</span> <span class='ocrx_word' id='word_1_185' title='bbox 689 1812 757 1839; x_wconf 87' lang='lat' dir='ltr'>vocem</span> 
     </span>
     <span class='ocr_line' id='line_1_25' title="bbox 92 1868 759 1918; baseline 0.001 -12"><span class='ocrx_word' id='word_1_186' title='bbox 92 1869 174 1907; x_wconf 89' lang='lat' dir='ltr'>amittat.</span> <span class='ocrx_word' id='word_1_187' title='bbox 186 1868 205 1906; x_wconf 88' lang='lat' dir='ltr'>Si</span> <span class='ocrx_word' id='word_1_188' title='bbox 216 1873 281 1906; x_wconf 89' lang='lat' dir='ltr'>autem</span> <span class='ocrx_word' id='word_1_189' title='bbox 292 1869 341 1916; x_wconf 84' lang='lat' dir='ltr'>(Fol.</span> <span class='ocrx_word' id='word_1_190' title='bbox 354 1879 380 1917; x_wconf 72' lang='lat'>32</span> <span class='ocrx_word' id='word_1_191' title='bbox 392 1868 413 1918; x_wconf 90' lang='lat' dir='ltr'>b)</span> <span class='ocrx_word' id='word_1_192' title='bbox 425 1869 525 1905; x_wconf 86' lang='lat' dir='ltr'>notorium</span> <span class='ocrx_word' id='word_1_193' title='bbox 537 1868 594 1905; x_wconf 88' lang='lat' dir='ltr'>tuerit</span> <span class='ocrx_word' id='word_1_194' title='bbox 606 1869 708 1911; x_wconf 87' lang='lat' dir='ltr'>extraneis,</span> <span class='ocrx_word' id='word_1_195' title='bbox 725 1881 759 1917; x_wconf 91' lang='lat' dir='ltr'>per</span> 
     </span>
     <span class='ocr_line' id='line_1_26' title="bbox 92 1936 759 1985; baseline 0.003 -12"><span class='ocrx_word' id='word_1_196' title='bbox 92 1947 167 1975; x_wconf 88' lang='lat' dir='ltr'>annum</span> <span class='ocrx_word' id='word_1_197' title='bbox 178 1936 276 1985; x_wconf 86' lang='lat' dir='ltr'>integrum</span> <span class='ocrx_word' id='word_1_198' title='bbox 292 1937 419 1973; x_wconf 83' lang='lat' dir='ltr'>incarceretur</span> <span class='ocrx_word' id='word_1_199' title='bbox 430 1941 450 1973; x_wconf 90' lang='lat' dir='ltr'>et</span> <span class='ocrx_word' id='word_1_200' title='bbox 469 1937 534 1974; x_wconf 86' lang='lat' dir='ltr'>locum</span> <span class='ocrx_word' id='word_1_201' title='bbox 553 1941 571 1972; x_wconf 87' lang='lat' dir='ltr'>et</span> <span class='ocrx_word' id='word_1_202' title='bbox 587 1944 656 1974; x_wconf 91' lang='lat' dir='ltr'>vocem</span> <span class='ocrx_word' id='word_1_203' title='bbox 671 1937 759 1985; x_wconf 91' lang='lat' dir='ltr'>quinque</span> 
     </span>
     <span class='ocr_line' id='line_1_27' title="bbox 91 2004 758 2053; baseline 0.001 -10"><span class='ocrx_word' id='word_1_204' title='bbox 91 2006 148 2043; x_wconf 89' lang='lat' dir='ltr'>annis</span> <span class='ocrx_word' id='word_1_205' title='bbox 160 2005 242 2049; x_wconf 90' lang='lat' dir='ltr'>amittat,</span> <span class='ocrx_word' id='word_1_206' title='bbox 256 2005 293 2043; x_wconf 91' lang='lat' dir='ltr'>nisi</span> <span class='ocrx_word' id='word_1_207' title='bbox 306 2004 389 2053; x_wconf 75' lang='lat' dir='ltr'>vpropter</span> <span class='ocrx_word' id='word_1_208' title='bbox 403 2004 518 2042; x_wconf 81' lang='lat' dir='ltr'>laudabilem</span> <span class='ocrx_word' id='word_1_209' title='bbox 536 2005 577 2053; x_wconf 85' lang='lat' dir='ltr'>ejus</span> <span class='ocrx_word' id='word_1_210' title='bbox 589 2005 758 2044; x_wconf 83' lang='lat' dir='ltr'>conversationem</span> 
     </span>
     <span class='ocr_line' id='line_1_28' title="bbox 91 2073 758 2123; baseline 0.003 -12"><span class='ocrx_word' id='word_1_211' title='bbox 91 2086 125 2122; x_wconf 88' lang='lat' dir='ltr'>per</span> <span class='ocrx_word' id='word_1_212' title='bbox 139 2074 224 2123; x_wconf 88' lang='lat' dir='ltr'>priorem</span> <span class='ocrx_word' id='word_1_213' title='bbox 236 2075 345 2122; x_wconf 84' lang='lat' dir='ltr'>generalem</span> <span class='ocrx_word' id='word_1_214' title='bbox 357 2079 391 2111; x_wconf 90' lang='lat' dir='ltr'>aut</span> <span class='ocrx_word' id='word_1_215' title='bbox 408 2073 514 2121; x_wconf 88' lang='lat' dir='ltr'>capitulum</span> <span class='ocrx_word' id='word_1_216' title='bbox 531 2073 649 2121; x_wconf 83' lang='lat' dir='ltr'>provinciale</span> <span class='ocrx_word' id='word_1_217' title='bbox 661 2079 706 2122; x_wconf 91' lang='lat' dir='ltr'>post</span> <span class='ocrx_word' id='word_1_218' title='bbox 719 2079 758 2114; x_wconf 84' lang='lat' dir='ltr'>tres</span> 
     </span>
     <span class='ocr_line' id='line_1_29' title="bbox 91 2141 756 2191; baseline 0.002 -11"><span class='ocrx_word' id='word_1_219' title='bbox 91 2154 154 2180; x_wconf 91' lang='lat' dir='ltr'>annos</span> <span class='ocrx_word' id='word_1_220' title='bbox 168 2154 214 2180; x_wconf 90' lang='lat' dir='ltr'>curn</span> <span class='ocrx_word' id='word_1_221' title='bbox 226 2154 249 2180; x_wconf 89' lang='lat' dir='ltr'>eo</span> <span class='ocrx_word' id='word_1_222' title='bbox 265 2142 322 2180; x_wconf 83' lang='lat' dir='ltr'>luerit</span> <span class='ocrx_word' id='word_1_223' title='bbox 332 2142 476 2191; x_wconf 87' lang='lat' dir='ltr'>dispensatum.</span> <span class='ocrx_word' id='word_1_224' title='bbox 490 2153 509 2179; x_wconf 91' lang='lat'>2.</span> <span class='ocrx_word' id='word_1_225' title='bbox 525 2141 543 2178; x_wconf 90' lang='lat' dir='ltr'>Si</span> <span class='ocrx_word' id='word_1_226' title='bbox 555 2145 620 2179; x_wconf 88' lang='lat' dir='ltr'>autem</span> <span class='ocrx_word' id='word_1_227' title='bbox 639 2142 756 2191; x_wconf 79' lang='lat' dir='ltr'>religiosam,</span> 
     </span>
     <span class='ocr_line' id='line_1_30' title="bbox 91 2210 757 2260; baseline 0.002 -12"><span class='ocrx_word' id='word_1_228' title='bbox 91 2216 172 2260; x_wconf 88' lang='lat' dir='ltr'>nuptam</span> <span class='ocrx_word' id='word_1_229' title='bbox 180 2215 214 2248; x_wconf 91' lang='lat' dir='ltr'>aut</span> <span class='ocrx_word' id='word_1_230' title='bbox 221 2210 387 2260; x_wconf 83' lang='lat' dir='ltr'>consanguineam</span> <span class='ocrx_word' id='word_1_231' title='bbox 398 2210 511 2259; x_wconf 88' lang='lat' dir='ltr'>cognoverit</span> <span class='ocrx_word' id='word_1_232' title='bbox 520 2214 554 2248; x_wconf 89' lang='lat' dir='ltr'>aut</span> <span class='ocrx_word' id='word_1_233' title='bbox 565 2210 662 2259; x_wconf 86' lang='lat' dir='ltr'>virginem</span> <span class='ocrx_word' id='word_1_234' title='bbox 675 2210 757 2249; x_wconf 84' lang='lat' dir='ltr'>deflora-</span> 
     </span>
     <span class='ocr_line' id='line_1_31' title="bbox 91 2278 758 2328; baseline 0 -10"><span class='ocrx_word' id='word_1_235' title='bbox 91 2281 148 2324; x_wconf 88' lang='lat' dir='ltr'>verit,</span> <span class='ocrx_word' id='word_1_236' title='bbox 165 2280 275 2318; x_wconf 89' lang='lat' dir='ltr'>secundum</span> <span class='ocrx_word' id='word_1_237' title='bbox 287 2279 399 2328; x_wconf 88' lang='lat' dir='ltr'>qualitatem</span> <span class='ocrx_word' id='word_1_238' title='bbox 416 2285 435 2316; x_wconf 89' lang='lat' dir='ltr'>et</span> <span class='ocrx_word' id='word_1_239' title='bbox 451 2279 579 2327; x_wconf 86' lang='lat' dir='ltr'>quantitatem</span> <span class='ocrx_word' id='word_1_240' title='bbox 597 2278 660 2317; x_wconf 85' lang='lat' dir='ltr'>delicti</span> <span class='ocrx_word' id='word_1_241' title='bbox 680 2291 758 2328; x_wconf 89' lang='lat' dir='ltr'>semper</span> 
     </span>
     <span class='ocr_line' id='line_1_32' title="bbox 92 2347 793 2399; baseline 0 -13"><span class='ocrx_word' id='word_1_242' title='bbox 92 2348 134 2396; x_wconf 88' lang='lat' dir='ltr'>ejus</span> <span class='ocrx_word' id='word_1_243' title='bbox 149 2359 207 2397; x_wconf 86' lang='lat' dir='ltr'>poena</span> <span class='ocrx_word' id='word_1_244' title='bbox 218 2353 343 2398; x_wconf 85' lang='lat' dir='ltr'>aggravetur.</span> <span class='ocrx_word' id='word_1_245' title='bbox 361 2360 380 2399; x_wconf 75' lang='lat'>3.</span> <span class='ocrx_word' id='word_1_246' title='bbox 394 2348 412 2386; x_wconf 90' lang='lat' dir='ltr'>Si</span> <span class='ocrx_word' id='word_1_247' title='bbox 425 2347 468 2396; x_wconf 90' lang='lat' dir='ltr'>quis</span> <span class='ocrx_word' id='word_1_248' title='bbox 480 2352 526 2396; x_wconf 89' lang='lat' dir='ltr'>post</span> <span class='ocrx_word' id='word_1_249' title='bbox 537 2348 680 2396; x_wconf 82' lang='lat' dir='ltr'>professionem</span> <span class='ocrx_word' id='word_1_250' title='bbox 693 2349 758 2387; x_wconf 90' lang='lat' dir='ltr'>matri·</span> <span class='ocrx_word' id='word_1_251' title='bbox 790 2390 793 2396; x_wconf 61' lang='grc'>,</span> 
     </span>
    </p>
   </div>
   <div class='ocr_carea' id='block_1_6' title="bbox 0 0 826 2703">
    <p class='ocr_par' dir='ltr' id='par_1_7' title="bbox 0 0 826 2703">
     <span class='ocr_line' id='line_1_33' title="bbox 0 0 826 2703; baseline 0 0"><span class='ocrx_word' id='word_1_252' title='bbox 0 0 826 2703; x_wconf 95' lang='lat' dir='ltr'> </span> 
     </span>
    </p>
   </div>
  </div>
 </body>
</html>
