1616 2703
84 71 122 118 238
364 79 476 108 caratoous
530 79 531 84 ¹

83 137 267 192 Reverendissimus
279 154 298 192 in
309 153 375 205 llPO'(
384 155 424 194 Fol.
438 153 494 206 1080)
504 160 557 204 pater
568 160 587 194 et
597 155 690 206 magister
701 158 757 194 frater

83 224 238 262 Bartholomaeus
250 224 274 261 de
283 224 381 272 Roqualli,
394 224 446 263 iilius
456 229 567 263 conventus
579 224 678 264 Tholosae.

111 292 204 342 Magister
216 294 274 331 irater
285 294 440 332 Bartholomaeus
452 294 476 331 de
487 294 577 343 Roqualli
590 294 608 332 in
620 305 674 333 sacra
686 294 757 344 pagina

84 364 185 411 professor
200 367 219 400 et
233 362 285 401 lilius
297 367 407 402 conventus
417 363 517 410 Tholosae,
529 364 593 402 taetus
607 364 644 402 fuit
658 364 758 402 Generalis

83 431 162 470 Ordinis
179 431 200 469 in
211 431 297 480 capitulo
313 432 409 470 celebrato
427 432 507 478 Nanetis
524 432 631 481 provineiae
643 433 756 478 Thuroniae,

85 506 104 539 et
115 501 134 539 in
149 501 182 540 illo
197 501 282 551 capitulo
294 501 402 551 resignavit
414 501 541 540 Reverendus
553 502 645 552 Magister
657 504 715 540 trater
727 503 759 550 Jo-

85 572 160 609 hannes
169 570 244 615 Grossi,
255 571 275 608 in
287 582 340 609 saera
352 571 421 621 pagina
434 570 563 620 dignissimus
575 572 644 610 doctor
656 572 689 621 qui
702 571 759 610 Ordi-

85 651 130 678 nem
143 640 192 678 rexit
203 631 260 677 annis
276 650 309 686 42,
325 645 344 678 et
360 640 423 689 magis
435 640 518 678 rexisset
531 640 569 678 nisi
589 641 660 679 fuisset
675 641 759 690 pecunia

85 709 159 747 ratione
171 709 229 758 cujus
241 708 348 757 resignavit
359 708 397 760 (1).
410 709 468 747 Rexit
480 713 546 747 autem
559 709 654 747 Ordinem
666 710 759 759 Magister

84 779 142 816 frater
148 778 303 815 Bartholomaeus
310 777 368 815 annis
375 777 439 816 tribus
445 782 464 815 et
473 777 576 816 mensibus
583 790 663 823 novem,
671 783 759 828 tuncque

84 849 147 885 lactus
159 851 189 885 est
207 846 312 896 episcopus
329 846 455 885 Marsiliensis
476 858 511 896 per
528 858 631 885 summum
645 847 758 896 pontificem

84 916 195 966 Eugenium
208 916 287 965 Papam,
299 921 318 954 et
326 915 363 954 tuit
378 918 480 966 praelatum
496 916 604 966 capitulum
614 917 633 955 in
645 917 759 956 Pentecoste

85 986 203 1024 celebratum
213 996 264 1023 anno
274 985 354 1023 Domini
369 996 425 1035 ¹430·
440 1019 442 1022 .
755 1020 757 1023 .

112 1055 171 1092 Anno
182 1054 262 1092 Domini
277 1065 326 1103 1434
342 1055 361 1092 in
376 1055 442 1104 vigilia
453 1056 579 1094 Pentecostes
600 1056 636 1093 luit
648 1057 721 1094 electus
739 1055 758 1105 in

84 1125 201 1163 Generalem
213 1123 328 1175 (postquam
342 1124 378 1162 luit
390 1129 506 1173 assumptus
518 1125 543 1162 ad
552 1125 654 1163 ecclesiam
669 1124 759 1162 Massiliae

84 1195 177 1243 Magister
186 1194 244 1232 frater
254 1194 411 1232 Bartholomaeus
423 1194 513 1242 Roqualli
521 1194 573 1232 filius
585 1199 696 1232 conventus
708 1194 759 1232 Tho-

85 1262 141 1314 losae)
152 1263 278 1301 Reverendus
290 1263 384 1312 Magister
395 1264 453 1300 frater
461 1263 559 1310 lohannes
571 1263 621 1311 Faci,
635 1263 759 1312 provincialis

84 1332 189 1382 provinciae
200 1332 313 1377 Provinciae,
325 1333 358 1381 qui
369 1333 417 1370 rexit
426 1332 521 1370 Ordinem
531 1332 589 1371 annis
602 1331 700 1371 lominus
712 1344 760 1382 qua-

83 1406 130 1440 tuor
141 1401 251 1446 mensibus,
269 1400 303 1449 qui
315 1401 352 1438 fuit
364 1406 479 1449 assumptus
489 1401 513 1438 ad
525 1401 661 1450 episcopatum
675 1400 760 1439 eeclesiae

83 1471 179 1520 Regensis
189 1469 219 1522 (2)
232 1470 251 1508 in
260 1470 372 1518 Provincia;
386 1474 405 1509 et
417 1471 455 1508 hoc
467 1470 574 1520 capitulum
585 1470 604 1508 in
614 1475 715 1509 conventu
727 1470 761 1508 Ra-

83 1540 211 1590 vespergensi
222 1541 241 1578 in
252 1540 353 1589 provincia
364 1540 473 1578 Alemaniae
483 1538 625 1591 infe1·ioris(3).

110 1610 171 1647 Anno
183 1609 263 1647 Domini
280 1620 329 1658 1450
344 1609 364 1647 111
375 1611 425 1647 testo
435 1609 526 1647 omnium
537 1609 653 1647 Sanctorum
664 1609 700 1647 suit
711 1610 761 1647 eele-

83 1680 162 1718 bratum
172 1678 280 1728 capitulum
288 1679 377 1728 generale
384 1678 403 1716 in
411 1682 509 1717 conventu
519 1678 623 1716 Avinionis
632 1679 651 1716 in
670 1690 710 1727 quo
723 1679 762 1716 ele-

83 1753 126 1787 ctus
141 1748 178 1787 fuit
188 1748 316 1787 Reverendus
325 1747 418 1797 Magister
429 1749 488 1785 frater
496 1748 595 1796 lohannes
602 1747 671 1786 Soreth
681 1747 761 1797 provin-

20 1842 22 1845 .
84 1818 136 1857 cialis
149 1817 255 1867 provinciae
268 1817 360 1863 Franciae,
374 1817 452 1855 natione
467 1818 600 1862 Normannus,
613 1817 632 1855 in
647 1828 687 1866 quo
701 1817 759 1855 etiam

83 1887 168 1938 capitulo
177 1887 271 1937 Magister
280 1888 338 1925 frater
348 1887 458 1925 Galhardus
467 1887 491 1925 de
502 1887 558 1936 Rupe
570 1885 639 1925 habuit
648 1885 760 1936 quindecim

105 2052 129 2095 (1)
137 2051 229 2086 Alluditur
241 2050 271 2085 hic
278 2052 301 2084 ad
311 2051 395 2096 ingentes
407 2061 495 2095 expensas
502 2061 547 2094 quas
559 2050 654 2084 lohannes
667 2049 729 2083 Grossi
739 2060 761 2084 ex

84 2109 162 2144 decretis
172 2110 294 2155 eapitulorum
306 2110 365 2143 facere
380 2109 444 2142 debuit
454 2117 475 2143 ut
487 2110 538 2143 Ordo
551 2116 612 2142 noster
621 2107 761 2152 repraesentare-

82 2169 143 2203 turin
155 2168 237 2202 conciliis
249 2169 322 2210 Pisano,
336 2167 472 2202 Constantiensi
484 2176 502 2202 et
515 2167 614 2202 Basileensi
629 2167 696 2212 quibus
709 2167 760 2201 Ordo

84 2238 122 2262 non
130 2228 201 2262 modice
210 2229 324 2272 gravabatur.

86 2323 88 2326 ,
105 2288 134 2331 (2)
144 2286 195 2321 Riez.

104 2346 133 2391 (3)
141 2346 204 2381 Potius
214 2345 328 2381 Alemanniae
336 2344 442 2399 superioris
