1616 2703
276 82 299 109 DE
311 81 327 108 S.
338 81 450 109 BERTHOLDO
660 82 702 124 271ι

26 163 65 203 net,
82 157 107 195 ad
122 155 236 204 montisque
248 155 321 194 radices
342 155 470 194 israelitarum
488 167 548 204 quam
566 156 697 204 plurimorum

25 227 128 276 sepulchra
140 229 193 269 sunt,
207 224 267 273 inque
277 224 320 272 ipso
330 229 398 262 monte
408 225 509 273 prophetae
518 224 563 262 Eliae
574 229 654 262 antrum
666 236 700 263 su-

25 306 58 347 per
69 296 106 333 alta
118 305 166 343 rupe
178 305 223 342 quae
233 293 312 342 respicit
323 294 462 332 Ptolemaidem
473 297 541 331 contra
549 305 609 338 mare,
618 293 698 343 signum

25 364 114 404 videlicet
131 367 266 411 opportunum
285 363 432 411 navigantibus,
452 363 505 409 juxta
521 363 576 411 quod
593 362 698 401 Christiani

26 434 117 473 sacellum
128 436 282 469 construxerunt
293 436 361 470 sancto
371 432 416 469 Eliae
427 431 502 469 dictum
511 429 549 481 (1).
562 443 575 468 »

51 503 95 548 Quo
109 512 155 539 vero
164 501 339 539 annossertholdus
354 501 445 539 eremitas
457 500 561 549 praedictos
574 502 697 547 adunaverit,

26 582 105 621 quoque
115 574 205 619 tempore
217 571 310 608 sacellum
319 575 386 608 sancto
395 570 439 608 Eliae
446 570 527 608 erexerit
538 570 657 618 disputatur.
667 571 699 608 Pa-

25 640 150 691 laeonydorus
162 650 186 678 ex
197 639 269 689 Cyrillo
282 639 301 677 id
313 650 365 677 anno
378 650 423 677 1121
440 640 511 678 lactum
524 640 593 678 asserit
603 640 658 688 quod
671 644 699 678 ta-

25 721 69 748 men
80 709 163 747 omnlno
176 708 303 758 rejiciendum
314 713 356 757 est3
369 709 442 747 Leaana
452 720 498 747 cum
516 709 557 747 allis
569 714 659 747 autumat
665 721 700 747 an-

24 791 50 818 no
65 789 110 826 1141
122 777 236 827 contigisse,
250 778 285 816 sed
297 789 362 827 neque
374 779 411 816 hoc
425 778 502 816 admitti
523 783 602 827 potest;
627 778 698 817 melius

23 850 70 887 Acta
84 847 201 885 Sanctorum
216 845 253 898 (2),
266 853 335 885 auctor
346 847 411 897 operis
422 848 507 885 Histoire
518 847 627 886 del'Ordre
638 848 667 885 &c
679 854 698 886 et

24 917 112 956 moderni
124 919 164 955 lere
173 928 244 955 omnes
252 928 327 955 annum
345 928 393 966 1155
404 917 512 965 assignant,
526 929 549 955 ex
561 928 584 954 eo
596 918 650 965 quod
665 917 697 954 illo

23 998 74 1025 anno
83 986 199 1036 Aymericus
208 987 314 1035 patriarcha
324 986 468 1029 Antiochenus,
477 986 538 1025 sancti
548 987 646 1024 Bertholdi
653 998 697 1024 con-

23 1055 143 1105 sanguineus
151 1054 230 1093 Terram
240 1059 327 1093 sanctam
340 1055 407 1093 adierit
418 1060 478 1104 atque
487 1055 591 1093 Bertholdo
603 1055 623 1092 iu
630 1066 698 1094 susce-

24 1130 57 1174 pto
69 1135 128 1174 opere
140 1136 221 1162 manum
236 1124 374 1163 auxiliatricem
390 1124 508 1174 praestiterit.

48 1194 76 1231 De
87 1205 127 1242 quo
136 1183 240 1244 hymerico
253 1194 281 1232 sic
290 1194 362 1243 legitur
371 1194 390 1231 11
402 1194 487 1243 Epistola
508 1194 573 1246 Cyrilli
593 1195 617 1231 ad
638 1195 698 1232 Euse-

23 1263 90 1300 bium:
104 1264 164 1301 «Erat
172 1267 238 1301 autem
247 1262 267 1300 in
282 1263 352 1301 diebus
364 1263 402 1300 illis
414 1262 667 1312 patriarchaAntiochenus
679 1268 698 1301 et

23 1332 41 1368 11
52 1321 189 1370 Terra'sancra
201 1331 320 1380 Apostolicae
332 1331 387 1370 Sedis
400 1333 485 1381 legatus,
495 1332 525 1369 vir
534 1332 613 1380 quidam
624 1333 698 1370 amabi-

23 1400 46 1436 lis
52 1399 92 1438 Deo
103 1405 123 1438 et
134 1390 257 1445 hominibus,
270 1400 351 1437 nomine
363 1401 482 1450 Aymericus
497 1401 603 1445 hauhida,
618 1402 697 1439 natione

22 1469 173 1513 lemovicensis,
184 1471 208 1508 de
217 1469 261 1508 villa
266 1471 361 1519 appellata
370 1469 525 1508 Salamiacum...
536 1471 697 1519 lnterquos(ere-

22 1538 88 1589 milas)
107 1539 150 1587 ipse
162 1540 239 1576 tratrem
252 1550 312 1576 suum
330 1539 405 1583 habuit,
421 1539 494 1577 scilicet
509 1540 587 1576 fratrem
608 1540 697 1577 Berthol-

22 1607 69 1645 dum
78 1609 186 1657 perlectum
197 1608 311 1658 religiosum
321 1613 453 1657 sanctumque
470 1608 615 1659 presbyterum,
635 1621 695 1658 quem

23 1676 46 1713 de
57 1677 144 1731 unanimi
157 1678 248 1715 omnium
263 1689 346 1715 assensu
358 1679 383 1716 Α.
394 1678 417 1716 D.
426 1677 504 1716 MCXXl
514 1678 533 1715 in
541 1678 629 1727 primum
645 1679 697 1728 prio-

23 1756 62 1782 rem
72 1747 99 1784 eis
106 1746 198 1793 instituit,
212 1752 231 1784 et
240 1747 271 1785 cui
283 1758 350 1785 curam
360 1746 471 1784 animarum
484 1752 592 1785 ceterorum
602 1747 695 1797 injunxit.

22 1813 43 1852 Et
54 1815 73 1853 11
83 1817 121 1854 hoc
130 1822 198 1855 monte
207 1816 289 1854 Carmeli
301 1817 321 1854 11
334 1817 408 1863 honore
417 1817 480 1854 beatae
489 1816 554 1855 Mariae
567 1817 653 1866 Virginis
663 1817 696 1855 Del

21 1883 122 1924 Genitricis
131 1885 161 1937 (3)
171 1886 314 1925 monasterium
326 1886 416 1924 aedificari
440 1886 528 1931 iaciebat,
543 1898 601 1925 muro
613 1888 652 1925 alto
660 1887 697 1925 cir-

42 2016 64 2057 11)
75 2016 102 2049 Cl.
115 2017 198 2050 Histoire
205 2017 227 2050 de
235 2016 308 2051 l'Ordre
321 2017 348 2049 &c
363 2018 382 2050 P.
394 2017 438 2060 111.
455 2017 471 2050 d.
483 2017 575 2050 'Similiter
588 2017 696 2061 hadulphus

21 2073 42 2105 de
51 2074 175 2119 Coggeshahe,
186 2076 231 2109 Ord.
245 2076 317 2110 Cistert.
329 2075 357 2109 Cf.
367 2075 435 2108 ibidem
444 2077 463 2108 1³.
475 2077 491 2117 5,
501 2087 519 2109 n.
530 2087 545 2109 e.

42 2133 63 2174 la)
72 2134 157 2167 Histoire
168 2136 190 2168 de
198 2134 270 2168 l'Ordre
282 2134 314 2167 dac.
325 2135 345 2167 P.
359 2135 375 2167 8,

41 2190 70 2234 (1)
78 2194 126 2226 Nota
135 2192 214 2236 primum
225 2193 311 2226 sacellum
324 2193 342 2226 in
354 2193 453 2226 honores.
464 2193 509 2227 Elioe
520 2193 622 2227 dedicatum
632 2194 695 2235 fuisse,

21 2258 130 2284 conventum
139 2262 182 2286 vero
192 2263 202 2284 a
211 2252 311 2285 Bertholdo
323 2252 416 2295 inceptum
429 2260 447 2285 et
458 2263 490 2295 per
497 2252 608 2285 Brocardum
617 2253 695 2296 comple-

20 2313 58 2340 tum
70 2310 91 2343 Β.
99 2310 163 2344 Mariae
172 2310 249 2355 Virgini.
257 2311 278 2343 ln
287 2310 351 2345 litteris
363 2311 411 2344 Petri
423 2310 509 2345 Amiliani
526 2310 592 2354 prioris
605 2311 694 2354 generalis

21 2365 43 2398 ad
51 2367 159 2402 Eduardum
166 2369 173 2402 1
179 2368 250 2413 Angliae
257 2380 319 2413 regem
328 2370 355 2414 (A.
363 2371 385 2403 1).
398 2370 447 2414 1282)
455 2369 522 2403 dicitur
530 2381 534 2402 :
543 2382 550 2401 a
557 2369 622 2413 (Virgo
629 2369 694 2412 glorio·
