1631 2703
361 141 521 174 CONSTlTUTlONES

239 278 299 317 Runa.
310 278 348 315 Vll.
360 278 388 316 De
396 287 489 316 cosroen
497 287 521 316 er
532 288 643 317 enovrsioue

378 364 504 403 luunnoaun.

134 492 150 520 1.
160 480 269 520 Statuimus
281 486 303 519 ut
314 482 381 519 fratres
393 481 465 519 infirmi
478 481 544 519 statim
553 492 598 519 cnm
612 480 708 530 coeperint
726 480 780 518 infir-

104 550 151 588 mari
163 551 294 588 confiteantur
306 550 365 599 priori
377 562 414 589 suo
426 556 445 589 et
456 551 613 596 communicent,
626 555 646 589 et
656 555 705 588 tunc
720 560 780 603 super

104 619 171 657 omnia
187 619 270 668 diligens
282 631 327 657 cura
338 619 427 669 ipsorum
440 620 534 658 habeatur
546 620 657 659 secundum
677 618 781 657 infirmita-

103 693 143 725 tem
151 700 220 727 eorum
228 694 247 726 et
253 688 405 727 debilitatem.Et
413 690 495 728 omnino
503 689 530 728 eis
536 683 661 738 provideatur
668 681 779 727 secundum

104 758 210 797 consilium
220 759 341 797 medicorum
352 759 424 809 quibus
434 758 487 809 prior
496 759 575 798 indilate
586 759 657 797 habeat
666 758 777 808 providere,

105 833 123 867 et
134 829 192 866 irater
203 828 288 867 devotus
301 840 341 867 non
359 829 438 867 aliunde
450 834 557 878 occupatus
573 828 682 878 specialiter
693 828 780 877 assigne-

104 902 143 941 tur,
156 897 191 946 qui
200 897 227 935 eis
239 898 287 935 sciat
295 902 314 936 et
326 898 389 947 possit
400 903 419 937 et
428 898 497 937 debeat
506 903 642 948 competenter
661 897 778 942 ministrare,

104 966 142 1005 sub
150 977 209 1016 poena
219 966 314 1015 gravioris
324 968 386 1017 culpae
395 978 429 1016 per
446 968 463 1005 X
481 967 523 1005 dies
538 966 719 1016 transgressoribus
730 966 781 1008 intll-

102 1021 175 1084 genda.
190 1047 208 1073 2.
221 1035 273 1074 Cum
285 1040 351 1074 autem
364 1037 423 1074 horas
435 1036 538 1075 canonicas
551 1036 615 1075 dicere
627 1047 668 1075 non
678 1040 778 1085 poterunt,

104 1104 132 1143 eis
141 1105 166 1143 ab
177 1105 243 1154 aliquo
253 1105 350 1150 dicantur,
364 1106 402 1144 sub
414 1117 474 1155 poena
485 1105 552 1156 gravis
561 1106 631 1155 culpae.
650 1105 669 1143 ln
690 1104 780 1154 quolibet

104 1178 171 1212 autem
185 1175 228 1212 loco
241 1174 528 1213 construaturinfirmatorium
546 1187 591 1214 cum
604 1175 684 1224 capella,
698 1174 717 1212 in
739 1185 779 1223 quo

103 1244 179 1293 jaceant
189 1245 257 1282 fratres
269 1244 349 1289 inmun,
363 1250 382 1283 et
398 1245 481 1295 singulis
494 1244 564 1284 diebus
576 1245 690 1284 divinorum
699 1244 780 1282 audiant

104 1313 263 1357 celebrationem,
276 1313 310 1351 ubi
321 1313 363 1351 neri
373 1314 444 1363 poterit
456 1318 600 1363 competenter.

130 1394 150 1433 3.
166 1382 292 1431 Praecipimus
303 1388 369 1421 autern
382 1383 476 1422 omnibus
488 1383 594 1433 prioribus,
613 1383 650 1421 sub
669 1394 729 1433 poena
747 1383 781 1421 de-

104 1451 209 1501 positionis
222 1452 246 1489 ab
258 1451 331 1495 officio,
344 1458 366 1490 ut
375 1452 395 1490 in
407 1453 450 1490 suis
466 1453 598 1491 conventibus
613 1463 690 1490 sacrum
703 1452 781 1500 Corpus

56 1570 57 1573 Ἴ
104 1521 232 1560 Dominieum
241 1521 261 1559 in
276 1521 330 1560 altari
343 1521 412 1571 majori
424 1522 455 1560 vel
467 1521 525 1567 circa,
539 1533 574 1571 pro
586 1521 679 1560 fratribus
693 1525 713 1559 et
724 1520 781 1560 tami-

104 1590 185 1629 liaribus
200 1590 273 1629 nostris
285 1590 306 1629 in
320 1602 368 1630 casu
384 1591 556 1630 communicandis
569 1595 679 1629 reverenter
691 1595 781 1630 servetur

105 1660 160 1708 quod
177 1665 267 1709 tempore
286 1660 436 1699 communionis
456 1661 539 1699 fratrum
563 1660 684 1699 innovetur.
708 1659 780 1716 Oleum

105 1730 162 1768 etiarn
174 1730 300 1768 benedictum
319 1741 354 1780 pro
370 1729 454 1768 infirmis
466 1729 589 1780 inungendis
605 1723 680 1768 eisdem
693 1728 781 1779 praecipi·
811 1745 812 1749 ¹

105 1810 158 1844 nius,
170 1799 207 1837 sub
219 1799 287 1837 eadem
301 1810 367 1848 prena,
381 1799 401 1837 in
417 1800 461 1838 loco
470 1799 546 1838 decenti
559 1810 637 1838 servare
648 1802 667 1837 et
680 1798 735 1836 omni
747 1809 782 1837 an-

107 1879 133 1907 no
146 1869 208 1907 semel
217 1868 318 1907 innovare.
541 1870 543 1873 “

105 1962 107 1965 <
132 1948 152 1985 4.
168 1937 187 1975 Si
196 1949 243 1976 vero
256 1937 326 1987 aliquis
338 1938 396 1975 irater
408 1938 500 1976 infirmus
512 1937 591 1986 aliquod
601 1937 712 1987 periculum
724 1941 781 1976 nota-

105 2007 144 2044 bile
155 2007 257 2045 incurrerit
266 2012 346 2056 propter
358 2006 531 2056 improvidentiam
544 2006 621 2055 prioris,
634 2006 664 2045 vel
677 2017 711 2055 per
728 2006 782 2045 duri-

104 2076 152 2114 tiam
165 2076 305 2125 procuratoris,
319 2088 355 2115 seu
364 2076 506 2126 negligentiam
519 2074 610 2121 ministri,
626 2075 749 2125 quicumque
760 2075 780 2113 in

105 2146 143 2183 hoc
152 2145 254 2195 culpabilis
266 2145 331 2191 fuerit,
344 2146 360 2184 si
373 2145 426 2195 prior
441 2150 478 2191 est,
492 2144 516 2183 ab
526 2144 591 2183 officio
603 2145 714 2194 deponatur
726 2148 745 2182 et
757 2144 782 2182 ri-

106 2215 172 2264 gidius
183 2214 225 2253 aliis
241 2214 346 2263 puniatur3
361 2214 377 2252 si
392 2225 438 2253 vero
457 2219 573 2262 procurator
586 2220 623 2260 est,
637 2215 667 2253 vel
682 2213 779 2258 minister,

106 2295 165 2333 poena
177 2283 274 2334 gravioris
285 2284 348 2333 culpae
359 2295 393 2333 per
405 2284 439 2322 XX
451 2283 492 2321 dies
505 2284 605 2333 puniatur.

134 2365 152 2403 5.
164 2353 285 2398 lnbibemus,
302 2365 327 2391 ne
344 2355 413 2392 iratres
425 2353 488 2392 nostri
505 2352 525 2391 in
544 2352 639 2392 domibus
656 2352 779 2392 saecularium

105 2423 139 2462 diu
154 2422 291 2462 custodiantur
308 2422 388 2469 infirmi,
402 2422 436 2462 ubi
455 2422 510 2461 aliter
521 2423 593 2473 poterit
609 2421 749 2462 convenienter
768 2433 779 2460 a
