1631 2703
102 148 126 188 52
359 148 520 178 cousrlrurroues

98 228 170 263 ventus
182 224 250 263 Arnen.
264 223 355 262 Similiter
369 224 403 262 frat
414 225 438 262 de
453 236 514 274 cappa
525 224 560 262 sed
573 223 649 262 dicatur
660 224 729 271 Acopa
741 224 774 261 hoc

98 294 173 344 signnm
182 293 202 331 fn
217 293 344 332 remissionem
355 298 393 332 etc.
406 294 484 339 Qiibus
497 293 551 332 factis
566 293 654 343 sequitur
666 293 728 332 oratio
738 305 772 332 su-

99 375 134 414 per
145 365 256 414 professum
268 375 333 414 genua
346 364 456 402 flectentem
469 363 512 404 sine
523 364 579 402 Dnus
594 363 669 402 vobisc.

397 450 479 489 Onenus

167 551 226 580 onrue
236 541 275 588 Jhu
281 541 323 591 Xpe
330 546 384 590 pater
391 530 569 580 misericordiarum
580 546 599 579 et
607 533 716 579 consolatio
726 552 770 590 pec-

103 542 159 655 D
169 616 266 656 catorum,
280 610 314 660 qui
326 610 374 649 dixit
383 611 433 649 Nolo
444 616 528 649 mortem
535 610 641 660 peccatoris
649 611 684 649 sed
696 616 718 649 ut
731 623 772 649 mn-

98 682 129 731 gis
136 685 261 719 convertatur
270 685 289 718 et
299 680 358 726 vivo,
369 681 403 730 qui
412 692 452 719 non
459 681 514 719 venit
521 692 590 719 vocare
593 681 659 731 justos
666 680 701 718 sed
710 692 775 730 pecco·

98 756 152 790 tores
161 751 185 789 ad
199 751 391 800 poenitentiamlFol.
406 748 428 789 16
440 749 474 802 n),
485 751 527 800 ipse
534 755 554 788 te
566 762 601 789 sua
610 750 702 788 ineffabili
715 750 775 788 mise-

99 821 181 859 ricordia
189 826 207 858 et
213 820 280 858 inolita
288 821 360 869 pietate
367 821 390 858 ad
399 832 466 859 veram
476 821 540 858 cordis
547 821 686 859 contritionem
692 825 748 858 vocet
756 826 775 858 et

99 890 184 940 gratiam
196 890 272 928 devotae
280 890 400 939 poenitentiae
412 890 500 939 inspiret,
515 894 537 928 ut
551 890 612 939 digne
628 890 718 928 hobitum
730 901 776 929 san-

100 965 138 998 ctae
149 959 278 1009 professionis
288 960 353 997 valeas
362 959 449 1008 accipere
462 964 480 997 et
489 964 558 997 votum
570 964 610 998 ture
621 960 749 1009 professionis
756 964 775 997 et

100 1028 197 1078 promissa
209 1028 270 1067 sancti
283 1028 358 1067 ordinis
367 1028 482 1077 adimplere,
495 1033 514 1066 et
528 1028 548 1066 in
561 1034 629 1067 sancto
643 1040 680 1067 suo
695 1029 775 1078 seruitio

100 1109 225 1147 perseverare
236 1103 256 1136 et
267 1109 312 1136 cum
333 1098 398 1136 electis
418 1098 461 1147 ejus
480 1098 546 1136 adaet
539 1098 675 1147 ternagaudie
696 1097 776 1136 feliciter

101 1167 211 1217 pervenire.
221 1167 260 1212 Qn
272 1179 318 1205 cum
335 1168 369 1205 Pn
362 1172 424 1205 ree
435 1166 509 1215 Spiritu
521 1167 650 1206 sanctovinit
669 1172 777 1217 ettregna

99 1237 171 1275 Deus'
166 1247 186 1274 m
199 1237 270 1275 saecula
282 1237 408 1275 soeculorum

125 1306 185 1355 Resp.
199 1310 310 1345 conventus
324 1305 393 1344 Αιιιιιι
406 1306 480 1344 Deinde
489 1310 605 1355 aspergatur
614 1308 664 1354 aqua
674 1306 776 1345 benedicta

98 1381 117 1414 et
129 1380 197 1424 postea
214 1375 297 1413 ducatur
314 1367 484 1423 processionaliter
492 1375 516 1412 ad
526 1375 609 1413 chorum
626 1379 645 1413 et
656 1380 701 1413 ante
718 1376 777 1414 altare

99 1445 251 1493 raceatprostra
253 1455 276 1482 us
285 1444 327 1481 alus
337 1444 428 1482 franbus
438 1448 490 1482 strn
483 1444 556 1482 rbus
552 1455 572 1482 in
592 1444 710 1483 stallissuis.
724 1444 777 1482 Prior
814 1495 815 1499 Ἰ

99 1512 177 1562 incipiat
169 1513 318 1551 tsolemniter
334 1513 432 1562 hymnum
457 1512 480 1551 Te
496 1513 558 1550 Deum
590 1515 646 1551 ιιιιιιιιι
648 1525 699 1551 nse
701 1514 777 1562 toqui

99 1586 231 1631 prosequatur
243 1586 368 1619 aconventu
348 1582 471 1626 Qro
433 1581 484 1619 dre
473 1582 549 1630 oprior
558 1593 567 1619 s
568 1582 726 1630 andoadpedes
733 1593 777 1631 pro

99 1651 145 1689 fessi
164 1650 215 1689 dicat
228 1651 287 1700 Kyr'z'e
300 1651 324 1688 el.
350 1650 425 1689 Christe
442 1651 465 1689 el.
476 1651 534 1689 Pater
549 1653 618 1689 noster.
632 1650 657 1688 Et
666 1662 738 1689 fresios.
751 1652 779 1701 p.-

99 1720 173 1758 Mnnda
184 1721 242 1767 Dens,
251 1724 271 1757 et
278 1724 318 1757 tres
327 1723 400 1757 ceteras
408 1731 475 1769 preces
485 1724 591 1769 sequentes
599 1731 644 1758 cum
654 1719 777 1759 orationibus

99 1788 152 1827 Deus
163 1789 197 1838 qui
204 1790 268 1833 corda,
282 1788 362 1838 Frange
374 1800 419 1826 cum
432 1789 569 1838 sequentibus.
585 1788 670 1838 Require
682 1789 702 1826 in
715 1800 778 1838 recep-

98 1858 154 1896 tione
169 1857 299 1896 uovitiorum.
317 1858 395 1903 Qribus
414 1857 471 1896 dictis
483 1863 597 1907 aspergatur
612 1869 663 1907 aqua
674 1858 777 1896 benedicta

99 1931 119 1964 et
133 1927 236 1965 osculetur
247 1927 311 1970 altare,
331 1931 349 1979 et
362 1930 430 1975 postea
442 1927 527 1976 priorem
543 1931 562 1964 et
571 1928 647 1974 fratres,
660 1932 681 1973 et
692 1932 777 1976 ponatur

99 1995 120 2034 in
132 1997 175 2034 loco
185 2007 222 2035 suo
234 1996 285 2034 inter
296 1997 396 2045 professos
408 1996 495 2035 etnicos
505 2007 564 2045 super
574 1995 669 2035 novitios.

789 1919 795 1947 l

151 2157 153 2159 ¹
206 2113 267 2152 Ruon.
284 2112 325 2150 XV.
339 2112 366 2150 [ιι
382 2122 511 2152 οιιιιιιιιοιιι
523 2123 667 2152 enoressonun.

131 2240 146 2269 ι.
161 2231 231 2269 Nullus
248 2235 293 2268 ante
307 2230 451 2279 professionem
465 2241 486 2268 se
503 2230 560 2268 faciat
574 2232 605 2269 vel
620 2232 712 2280 permit
713 2235 782 2280 ips-o

99 2299 182 2345 moveri,
197 2299 279 2349 quodsi
294 2299 360 2338 fecerit
352 2304 464 2338 tanostro
483 2300 676 2349 ordineexpellatur,
690 2305 710 2338 et
722 2300 775 2349 prior

99 2369 180 2408 mittens
189 2368 275 2419 graviter
286 2369 390 2418 puniacum
404 2381 439 2407 nec
448 2369 491 2407 loco
502 2375 521 2407 et
533 2365 582 2407 voce
591 2380 660 2408 carens
670 2369 695 2408 ad
709 2381 783 2408 sacros·

98 2439 175 2488 aliquos
186 2438 273 2477 vordines
287 2444 452 2488 ¹promoventur,·
464 2450 569 2489 quousque
586 2438 654 2488 grane
676 2440 783 2488 receperit·
