1631 2703
94 127 119 165 42
352 126 511 157 CONSTITUTlOllES

90 202 151 242 tiariis
163 207 182 241 et
199 202 290 251 expensis
302 203 416 248 necessariis
435 203 517 253 singulis
537 204 595 242 annis
613 214 646 253 per
658 204 765 253 capitulum

91 272 215 321 provinciale.
234 273 286 311 Idem
300 276 366 310 autem
384 273 417 310 frat
428 274 495 321 quoad
506 274 622 312 vestimenta
636 257 735 323 magistris
746 278 766 311 et

91 342 204 380 bachalariis
216 346 235 379 et
245 342 351 381 lectoribus
363 342 382 380 in
396 343 501 392 provInciis
510 342 530 380 in
540 343 613 392 quibus
622 343 717 393 assignati
728 344 766 380 fue-

92 412 131 449 rint
142 412 166 449 ad
176 411 290 460 legendum.
302 410 321 449 6.
334 412 433 450 Fratribus
445 417 510 450 autem
523 405 565 450 aliis
576 412 711 461 indigentibus
724 423 768 450 ves-

92 480 181 519 timentis
193 485 212 518 et
223 480 356 519 calciamentis
376 480 503 530 provideatur
520 482 630 520 secundum
643 483 704 520 'suam
717 481 767 519 indi-

93 551 180 599 gentiam
190 555 209 587 et
223 550 372 599 possibilitatem
385 556 521 588 conventuum
534 551 553 588 iu
566 551 639 600 quibus
657 554 766 594 morantur,

94 621 131 657 sub
144 631 202 669 poena
214 620 309 669 gravioris
321 621 384 669 culpae
396 631 430 669 per
439 625 479 658 tres
491 620 532 658 dies
543 620 691 670 negligentibus
700 625 719 657 et
732 620 768 657 im-

94 689 218 737 pedientibus
230 689 344 738 infligenda.
356 700 376 738 7.
386 689 461 727 Priores
473 701 519 727 vero
534 690 673 728 conventuales
685 689 768 726 addendi

94 758 229 808 Indigentibus
238 764 257 796 et
266 759 365 796 auferendi
372 771 382 795 a
390 760 599 807 superabundantibus
606 759 622 796 si
632 760 698 807 plures
708 770 768 806 quam

94 831 179 876 quatuor
190 828 267 866 tunicas
279 828 298 865 in
310 827 402 866 universo
419 828 529 873 habuerint,
543 829 623 866 liberam
636 829 720 865 habeant
734 839 769 876 po-

94 901 192 935 testatem.
203 897 255 934 ldem
267 897 352 935 dicimus
364 898 388 935 de
397 897 577 945 superabundantia
587 897 767 941 calciamentorum,

95 966 225 1014 scapularium
239 970 258 1003 et
266 977 380 1014 capparum.

122 1037 141 1073 8.
152 1037 227 1074 Fratres
238 1036 299 1074 nostri
311 1036 442 1074 calciamentis
451 1040 532 1075 utantur
544 1036 632 1086 ligaticiis
639 1042 658 1075 et
666 1048 706 1074 non
718 1036 768 1082 aliis,
802 1030 803 1033 ¹

95 1105 132 1143 sub
145 1116 205 1154 poena
214 1105 280 1154 gravis
292 1106 354 1154 culpae
367 1117 401 1154 per
412 1109 452 1144 tres
463 1105 512 1149 dies,
526 1106 613 1155 exceptis
624 1105 703 1154 illisqui
716 1105 770 1143 infir-

96 1174 163 1213 mitate
173 1175 247 1224 patenti
259 1174 386 1224 indiguerint.

218 1304 279 1343 Runa.
295 1304 338 1341 Xlll.
350 1304 378 1342 Da
390 1313 505 1342 nacarrronr
522 1313 648 1342 uovrrroaurr.

128 1449 144 1477 1,
157 1437 256 1484 Qroniam
269 1438 293 1475 de
305 1438 415 1487 receptione
430 1437 550 1476 novitiorum
562 1437 672 1475 necessaria
684 1441 713 1475 est
733 1436 773 1485 dis-

98 1508 164 1556 cretio,
178 1507 280 1545 venientes
292 1507 316 1545 ad
329 1518 366 1545 nos
376 1518 434 1545 causa
455 1506 568 1556 recipiendi,
584 1510 689 1555 antequam
702 1505 773 1545 admit-

97 1581 164 1615 tantur
175 1576 237 1614 abeis
250 1576 359 1625 requiratur
370 1588 394 1614 an
404 1576 444 1613 sint
454 1577 561 1626 conjugati,
575 1587 599 1613 an
610 1575 714 1614 ratiociniis
727 1575 774 1613 obli-

98 1647 145 1696 gati,
156 1658 180 1684 an
188 1646 269 1696 alicujus
279 1646 378 1695 religionis
391 1645 545 1684 mendicantium
555 1645 646 1695 professi,
657 1658 682 1684 an
690 1645 774 1684 habeant

98 1718 210 1755 membrum
220 1716 340 1761 mutilatum,
354 1728 377 1754 an
390 1727 450 1754 usum
463 1717 493 1754 vel
506 1726 588 1753 sensum
598 1715 679 1765 alicujus
689 1715 773 1753 membri

67 1800 71 1832 χ
98 1787 206 1830 amiserint,
220 1797 245 1824 an
257 1786 343 1835 aliquam
359 1785 503 1824 deformitatem
516 1790 643 1834 apparentem
655 1786 675 1823 in
693 1797 774 1834 corpore

69 1842 71 1845 Ι
99 1857 190 1902 habeant,
203 1867 227 1893 an
237 1856 277 1894 sint
286 1857 316 1894 vel
326 1856 399 1894 fuerint
407 1856 431 1893 de
443 1856 508 1904 aliqua
518 1855 580 1893 heresi
592 1855 623 1893 vel
631 1855 669 1893 fide
681 1854 774 1893 catholica

98 1926 192 1974 suspecti.
206 1926 253 1963 ltem
265 1937 289 1962 an
302 1925 374 1963 fuerint
383 1926 413 1962 vel
426 1937 436 1962 a
449 1929 517 1963 nostro
524 1925 592 1962 ordine
602 1934 637 1973 pro
645 1935 774 1973 quocumque

98 1996 146 2034 vitio
158 1994 241 2044 expulsi,
252 1996 283 2033 vel
293 1994 350 2033 etiam
359 1995 383 2033 ab
393 1995 459 2044 aliquo
466 1995 503 2033 alio
512 1994 580 2032 ordine
588 1998 774 2043 quantumcumque

99 2065 165 2103 laxiori
176 2065 259 2103 scienter
271 2065 332 2115 ejecti.
346 2066 393 2103 ltem
407 2075 431 2102 an
441 2065 527 2102 habeant
542 2063 627 2112 aliquam
640 2062 775 2112 infirmitatem

99 2136 187 2173 celatam.
209 2135 247 2179 Qu
259 2135 275 2173 si
293 2134 378 2183 aliquem
395 2136 466 2172 horum
479 2134 591 2172 defectuum
609 2133 714 2182 patiantur,
733 2144 777 2171 non

100 2204 224 2254 recipiantur,
239 2209 258 2242 et
270 2204 286 2242 si
299 2204 369 2253 recepti
382 2203 455 2242 fuerint
466 2203 596 2252 expellantur.
608 2215 626 2241 2.
637 2203 676 2249 Qri
686 2214 732 2240 vero
747 2203 776 2240 re-

100 2275 172 2322 ceperit
181 2274 205 2311 ad
215 2274 304 2311 ordinem
314 2273 400 2322 aliquem
413 2274 542 2322 conjugatum
555 2277 663 2322 postquam
673 2272 775 2310 matrimo-

100 2344 155 2381 nium
168 2342 226 2381 fuerlt
235 2348 406 2388 consummatum,
418 2343 448 2380 vel
460 2343 484 2380 de
494 2342 600 2380 ratiociniis
612 2341 731 2392 obligatum,
744 2343 776 2380 vel

100 2413 157 2451 etiam
169 2412 370 2466 protessumalicujus
380 2412 480 2461 religionis
489 2412 572 2449 allorum
583 2399 644 2449 trium
656 2411 777 2449 mendicam-
