1631 2703
306 137 384 167 nuunrcl
400 137 429 166 nu
679 134 702 177 45

30 213 109 264 proprio
121 212 192 251 vivere.
207 212 240 251 llis
250 213 345 262 expositis
355 213 439 261 requirat
447 213 569 251 voluntatem
578 224 655 251 eorum.
665 213 703 258 Qui

29 285 45 322 si
58 282 190 332 respondeant
199 293 220 320 se
231 287 302 320 cuncta
313 283 362 320 velle
374 293 451 320 servare
471 287 490 320 et
502 283 573 320 saeculo
585 282 702 327 renuntiare,

30 353 81 392 dicat
101 351 222 401 praesidens:
236 353 289 390 Deus
300 352 334 401 qai
344 354 362 390 te
373 352 451 400 r'ncoepit
459 352 479 390 ia
491 352 544 390 nobis
561 354 600 399 ipsa
607 352 703 402 perficiat.

29 422 170 471 Respondeant
182 422 250 459 fratres
262 422 331 459 Arnen.
345 421 401 459 Tunc
413 421 522 470 praesidens
534 427 592 459 exuat
603 427 637 459 eos
646 421 705 460 vesli-

29 492 67 530 bus
85 491 212 529 saecularibus
225 491 292 528 dicens
306 502 366 539 super
378 491 487 539 quemlibet
498 491 563 528 Exuet
583 493 601 528 le
612 491 705 528 Dominus

29 562 108 598 veterem
119 559 211 598 loiniaco
222 571 264 598 caru
275 560 400 597 actibussrris.
408 560 549 609 Respondeant
557 561 627 597 iratres
634 560 703 598 Arnen.

29 630 50 668 Et
60 629 157 678 praedictae
169 634 234 668 vestes
243 630 346 667 saeculares
358 635 483 667 reserventur
502 640 536 678 per
546 630 630 678 priorem
641 641 705 678 usque

29 699 53 752 ad
63 698 206 747 professionem
218 703 349 747 receptorum,
361 698 398 736 nisi
407 698 431 736 de
437 699 539 736 voluntate
548 709 617 736 eorum
627 698 705 747 deipsis

29 768 83 806 aliter
101 767 225 816 disponatur.
245 767 268 805 Et
279 779 327 806 mox
339 767 392 817 prior
404 779 463 817 super
475 768 597 817 recipiendos
612 767 664 805 dicat
675 779 706 805 se-

30 841 113 886 quentes
124 836 231 874 orationes.
244 836 264 874 Si
276 837 360 874 voluerit
374 836 520 874 solemnitatem
530 838 591 874 iacere
606 841 625 874 et
636 841 705 874 caetera

30 917 93 954 usque
105 906 130 943 ad
142 906 208 943 locum
218 905 285 944 illum:
299 906 358 943 arsia
366 906 441 954 recepti.
454 905 473 943 si
483 910 553 952 autem
562 906 626 943 dicere
636 906 706 943 nolue-

31 975 55 1013 rit
67 974 165 1024 praedicta
179 975 287 1013 induantur
296 975 446 1013 babituordinis
458 980 477 1012 et
484 975 583 1013 ducantur
592 975 616 1012 ad
622 975 707 1016 chorum

30 1044 199 1094 processionaliter
211 1049 230 1082 et
238 1045 288 1082 fiant
297 1056 342 1093 quae
354 1050 465 1093 sequuntur
475 1044 555 1082 ibidem.

328 1131 403 1169 Ounno

100 1225 134 1253 eus
146 1215 274 1264 indulgentiae
287 1215 342 1252 Pater
351 1214 516 1263 quiseueritatem
528 1219 568 1253 tuae
578 1215 706 1254 districtionis

33 1216 88 1327 D
97 1289 216 1333 temperans,
227 1285 326 1323 indulsisti
334 1285 416 1322 nefrlius
426 1289 490 1334 portet
500 1284 623 1333 iniquitatem
636 1285 704 1334 patris,

30 1358 49 1390 et
58 1353 92 1402 qui
102 1353 151 1391 mira
160 1354 217 1392 etiam
226 1354 374 1403 dispensatione
383 1354 439 1392 malis
451 1354 502 1391 bene
516 1358 575 1392 utens
584 1358 623 1392 tuae
636 1354 706 1403 digna-

30 1422 88 1460 tionis
100 1423 183 1471 gratiam
201 1435 236 1472 per
250 1435 284 1461 eos
296 1425 407 1472 frequenter
420 1424 512 1472 operaris,
533 1435 651 1472 quaesumus
666 1424 705 1461 cle-

31 1491 124 1530 mentiam
133 1497 188 1530 tuam
203 1497 225 1530 ut
235 1493 280 1531 huic
291 1494 365 1531 famulo
377 1497 412 1531 tuo
436 1504 476 1530 non
491 1492 575 1531 obsistat
588 1493 642 1541 qnod
652 1493 707 1530 habi-

30 1565 72 1598 tum
85 1565 158 1600 nostrae
170 1573 229 1600 sacrae
241 1562 339 1611 religionis
352 1563 376 1600 ad
392 1563 489 1600 honorem
500 1562 562 1600 beatae
569 1561 656 1611 Virginis
666 1562 705 1600 irla-

31 1629 63 1667 rlae
74 1630 98 1668 de
107 1632 175 1668 Monte
181 1631 263 1669 Carmeli
271 1631 363 1669 dedicatae
370 1642 404 1680 per
413 1642 450 1669 nos
462 1636 516 1669 tanta
531 1643 552 1669 ac
564 1631 596 1669 tali
609 1642 629 1668 re
640 1631 705 1680 indig-

32 1710 68 1737 nos
80 1700 166 1749 accipiat,
180 1700 215 1738 sed
224 1700 355 1753 ministerium
368 1701 422 1749 quod
438 1701 523 1739 exterius
532 1712 567 1749 per
579 1711 615 1738 nos
627 1700 706 1738 exhibe-

30 1772 68 1814 tur,
82 1768 113 1807 Tu
127 1769 210 1807 interius
226 1781 260 1819 per
276 1770 351 1808 donum
370 1770 431 1808 sancti
450 1770 533 1819 Spiritus
550 1769 661 1818 exequaris.
672 1769 707 1807 Per

31 1837 131 1876 Christum
144 1839 253 1877 Dominum
267 1843 365 1878 nostrum.
377 1840 449 1878 Amen.

34 1929 90 2041 D
99 1941 133 1968 eus
142 1930 175 1979 qui
183 1942 217 1979 per
224 1935 346 1969 coaeternum
353 1930 423 1970 Filium
433 1936 490 1968 tuum
500 1930 652 1975 cunctacreasti,
662 1931 706 1980 qui-

99 2011 138 2048 que
155 2000 254 2038 mundum
271 2000 355 2050 peccatis
375 2001 506 2039 inveteratum
522 2012 556 2049 per
574 2000 713 2044 ministerium·

32 2071 104 2106 sanctae
111 2068 251 2108 incarnationis
260 2069 306 2119 ejus'
316 2081 407 2108 renovare
414 2070 506 2119 dignatus
514 2081 541 2115 es,
553 2069 580 2107 Te
592 2070 707 2119 suppliciter

32 2146 144 2182 exoramus,
152 2138 270 2188 utejusdem
281 2139 360 2177 Domini
371 2139 432 2177 nostri
442 2138 504 2188 gratia
510 2150 569 2188 super
581 2140 634 2176 hunc
643 2140 707 2177 lamu-

33 2205 73 2244 lum
91 2211 148 2245 tuum
159 2208 351 2247 abrenuntiationem
368 2209 577 2258 saeculiprofitentem,
599 2209 707 2246 clementer

32 2276 125 2324 respicere
132 2276 231 2326 dignetur,
244 2289 348 2327 perquam
358 2278 378 2316 in
387 2278 457 2327 spiritu
467 2289 508 2316 suae
517 2278 590 2316 mentis
600 2283 707 2316 renovatus

31 2349 117 2384 veterem
125 2346 227 2385 hominem
237 2354 282 2386 cum
289 2348 365 2386 actibus
375 2348 417 2387 suis
425 2353 484 2387 exuat
490 2353 509 2386 et
519 2359 595 2387 novum
604 2348 706 2386 hominem
