1631 2703
113 121 138 163 62
298 165 300 168 .
366 135 526 167 consrnurroues

113 210 215 255 solvenda,
230 215 310 260 propter
320 222 372 250 onus
387 212 446 251 studii
455 212 509 263 quod
524 212 631 261 habebunt,
645 211 707 251 sisibi
716 212 787 251 'visum

114 279 171 316 fuerit
183 280 280 329 expedire.

221 408 282 447 Runa.
299 410 352 447 XVll.
366 410 393 448 lla
405 421 476 448 orricio
485 421 558 449 aaronis
571 420 679 449 Genenatrs.
712 429 714 432 f

142 534 159 562 l.
172 523 226 563 Prior
234 525 331 574 generalis
340 530 383 564 toto
392 526 460 565 ordine
470 537 504 577 per
513 527 628 565 electionem
636 526 749 565 canonicam
759 538 789 564 ca-

112 592 168 641 pituli
180 595 277 642 generalis
295 595 396 640 habeatur,
410 597 467 646 cujus
485 596 552 635 electio
570 607 615 635 cum
628 597 672 634 solo
688 606 788 634 consensu

112 666 190 700 est‘sua
208 663 340 703 confirmatio.
353 676 372 703 a.
386 665 520 704 Confirmatus
537 670 603 704 autem
615 665 640 703 de
652 664 752 715 provincia
763 664 788 702 ad

113 731 232 779 provinciam
250 738 268 772 et
287 735 331 772 loco
342 735 367 772 ad
378 735 443 773 locum
455 734 505 773 infra
522 734 633 784 provincias
648 736 716 773 fratres
728 734 788 772 libere

111 801 217 839 transferre
229 803 301 851 poterit
313 802 355 841 sine
366 803 522 842 contradictione
531 804 681 853 cuiuscumque.
694 814 714 853 3.
728 802 788 841 Privi-

113 869 162 918 legia
173 874 240 908 autem
253 876 272 910 et
280 883 414 922 quaecumque
425 872 461 911 alia
478 873 502 911 de
519 872 619 922 provincia
627 872 651 910 ad
664 872 787 922 provinciam

112 942 132 975 et
144 938 168 976 de
180 939 223 978 loco
241 941 265 978 ad
277 941 343 979 locum
357 953 381 980 ex
400 953 458 980 causa
471 941 580 980 rationabili
593 942 697 980 transferre
709 940 787 991 poterit,

112 1021 158 1048 cum
171 1009 207 1047 sibi
224 1010 323 1048 videbitur
334 1010 425 1060 expedire
444 1011 499 1059 (For.-
511 1010 563 1062 r9b).
581 1011 607 1049 lta
619 1015 686 1049 tamen
698 1010 752 1059 quod
764 1011 789 1048 de

112 1079 227 1128 hujusmodi
236 1079 347 1129 receptione
359 1085 378 1118 et
387 1079 516 1118 translatione
524 1080 555 1118 his
564 1092 575 1117 a
584 1080 658 1129 quibus
668 1078 789 1129 recipiuntur

112 1148 177 1186 literas
190 1148 245 1187 faciat
257 1148 298 1197 lieri
312 1148 455 1199 testimoniales
467 1153 594 1198 et'patentes,
608 1153 627 1187 et
645 1147 745 1198 privilegia
758 1149 788 1187 vel

112 1228 143 1274 res
158 1217 200 1255 aliae
212 1217 240 1256 sic
256 1219 356 1256 translatae
367 1219 411 1256 loco
423 1219 453 1256 vel
470 1218 584 1268 provinciae,
597 1230 608 1256 a
625 1229 666 1267 quo
678 1218 709 1256 vel
726 1205 788 1270 aqua

111 1291 159 1325 sunt
180 1288 285 1333 translatae,
300 1287 434 1335 restituantur,
448 1299 508 1336 quam
526 1288 565 1326 cito
582 1287 622 1325 fieri
644 1286 716 1337 poterit
733 1287 787 1333 bono

112 1356 180 1394 modo.
192 1369 211 1404 4.
224 1357 271 1395 ltem
284 1357 336 1407 prior
345 1356 442 1406 generalis
454 1356 474 1394 in
486 1356 647 1406 quibuscumque
653 1356 745 1405 capitulis
756 1368 788 1406 ge-

111 1426 218 1474 neralibus,
231 1426 384 1476 provincialibus
395 1427 426 1465 vel
438 1426 533 1465 localibus
541 1438 575 1476 per
586 1438 607 1465 se
615 1426 645 1465 vel
658 1437 692 1476 per
703 1425 787 1465 vicarios

111 1506 145 1533 seu
158 1492 269 1534 visitatores
281 1507 329 1534 suos
350 1496 420 1534 habeat
437 1495 548 1545 praesidere,
562 1495 599 1534 nisi
620 1495 700 1545 quando
720 1496 787 1545 culpas

111 1575 157 1603 suas
169 1565 227 1603 habet
238 1564 301 1603 dicere
315 1569 334 1603 et
346 1564 462 1603 diffinitores
474 1565 498 1603 de
518 1577 541 1603 eo
562 1569 649 1603 tractare.
675 1565 697 1603 Et
717 1576 787 1614 excep-

110 1638 131 1670 to
152 1634 206 1682 quod
230 1633 313 1673 vicarius
333 1634 403 1684 prioris
421 1634 518 1684 generalis
538 1634 612 1672 missus
631 1634 656 1672 ad
675 1634 785 1683 capitulum

110 1698 202 1752 generale
225 1704 276 1741 lacto
296 1703 390 1742 scrutinio
410 1704 429 1741 in
449 1704 501 1742 dicto
520 1703 605 1753 capitulo
623 1703 726 1752 praesidere
744 1716 784 1743 non

110 1773 175 1810 nabet.
199 1783 216 1821 5,
237 1773 310 1822 Culpas
330 1773 418 1823 priorum
439 1773 588 1822 provincialium
609 1779 628 1811 et
650 1773 741 1812 localium
762 1786 784 1812 ac

109 1841 192 1880 aliorum
213 1842 338 1880 subditorum
360 1842 427 1880 audire
444 1847 464 1881 et
480 1842 582 1892 corrigere,
603 1842 720 1881 visitationis
741 1844 785 1881 offi-

110 1911 164 1949 cium
172 1912 242 1956 facere,
261 1917 352 1960 compota
365 1912 384 1949 in
398 1912 560 1961 quibuscumque
579 1911 670 1960 capitulis
690 1912 783 1961 recipere,

109 1986 150 2018 tam
163 1981 238 2029 priores
250 1980 380 2029 provinciales
392 1992 452 2030 quam
467 1982 537 2019 locales
549 1992 584 2029 pro
597 1980 700 2019 manifesta
712 1986 731 2024 et
748 1993 784 2020 no-

108 2050 162 2088 tabili
174 2049 307 2089 inobedientia
316 2051 346 2089 vel
359 2048 463 2089 rebellione
473 2061 518 2099 quae
528 2050 637 2089 secundum
645 2050 783 2089 testimonium

109 2119 187 2170 capituli
199 2119 266 2158 localis
284 2121 315 2158 vel
329 2120 408 2169 capituli
426 2119 552 2169 provincialis
571 2119 709 2158 rationabiliter
726 2131 784 2159 excu-

109 2189 147 2228 sari
159 2201 199 2227 non
208 2188 288 2239 poterit,
300 2190 332 2227 vel
344 2201 380 2239 pro
392 2189 488 2228 omnibus
500 2200 536 2238 pro
545 2189 619 2237 quibus
631 2190 676 2238 quis
687 2201 783 2227 carcerem

110 2259 203 2297 meruerit
219 2259 250 2297 vel
267 2259 314 2298 alias
324 2259 377 2309 juste
394 2260 461 2297 locum
482 2263 502 2296 et
519 2269 588 2297 vocem
600 2258 694 2304 amiserit,
708 2259 732 2297 de
743 2261 784 2308 quo

109 2329 194 2367 confessi
214 2330 245 2367 vel
257 2329 340 2367 convicti
358 2328 437 2374 suerint,
454 2328 566 2367 convocatis
582 2328 661 2367 duobus
672 2329 703 2366 vel
719 2328 783 2367 tribus

109 2397 206 2450 prioribus
218 2398 243 2452 de
261 2398 392 2438 conventibus
409 2397 544 2447 vicinioribus,
563 2397 587 2436 ab
603 2397 669 2437 officio
681 2397 783 2456 absolvere
