1631 2703
83 118 119 153 108
335 121 499 157 cousrnua'rou'rs

81 212 127 238 nere
146 201 165 238 in
183 202 348 240 consuetudinem
364 204 451 242 duxerit.v
467 203 485 241 Si
498 203 542 252 quis
554 195 638 251 culpam
648 205 704 240 suam
714 197 751 240 “vei

81 269 159 307 alterius
167 270 281 308 defenderit.
292 271 310 308 Si
323 271 368 319 quis
378 272 398 309 in
406 272 470 320 aliqua
482 271 577 309 malitiosa
588 271 645 308 verba
657 271 751 308 vel'inor-

81 338 146 375 dinata
164 339 298 386 deprenensus
313 340 378 382 fuerit.
394 339 413 377 Si
426 339 470 388 quis
482 339 564 377 nimium
579 343 601 377 ut
619 339 638 377 in
650 338 752 387 loquendo'

81 406 122 444 fieri
136 407 185 444 solet
196 407 260 455 jurare
271 409 402 446 consueverit.
416 408 434 446 Si
446 407 491 456 quis
503 408 573 456 ieiunia
585 412 679 446 consueta
690 409 751 455 frege-

83 475 113 512 rit.
124 474 143 512 Si
156 475 200 523 quis
208 477 275 513 cellam
286 487 342 514 suam
352 476 393 514 sine
403 476 479 513 licentia
488 476 558 524 prioris
570 475 599 514 sui
608 469 751 519 mutaverit,vei

82 554 127 580 cum
140 543 177 581 alio
187 545 333 592 permutaverit.
349 544 367 581 Si
382 544 426 592 quis
438 544 480 582 sine
492 544 576 581 evidenti
589 544 752 581 necessitate·cel-'

24 631 27 634 >
83 612 120 648 lam
133 611 212 649 alterius
220 612 322 650 introierit.
337 624 355 650 2.
369 613 404 649 Pro
420 612 450 650 bis
461 613 523 664 culpis
535 617 554 649 et
566 612 662 650 similibus
673 604 750 649 veniam
768 611 771 614 “

83 680 202 728 petentibus,
216 685 235 718 et
246 692 286 718 non
301 681 396 718 accusatis
409 681 452 718 duae
469 680 576 728 disciplinae
587 680 659 719 'dentur
670 680 689 718 in
701 679 752 728 capi-

83 749 133 792 tulo,
148 753 167 785 et
179 749 229 786 duos
242 748 282 786 dies
294 749 313 785 in
326 760 376 796 pane
387 754 406 785 et
420 759 470 797 aqua
480 749 583 797 jejunent3
596 748 691 786 accusatis
705 759 751 786 vero

84 828 123 854 una
132 816 173 854 dies
185 821 204 854 et
215 828 254 854 una
273 816 374 865 disciplina
384 817 473 855 addatur.
483 829 503 867 3.
516 817 590 854 Fratres
600 811 664 854 aurem
676 816 752 865 jeiunio

83 885 139 933 panis
150 890 169 921 et
181 896 237 932 aquae
249 885 335 933 deputati
348 886 417 923 diebus
427 885 463 923 sibi
473 885 578 933 assignatis
589 896 654 922 coram
667 896 752 922 conven-

83 958 105 990 tu
117 953 135 990 in
148 953 217 990 ultimo
229 954 272 991 loco
282 964 356 991 mensae
365 954 470 991 comedant
479 964 483 1000 ;
497 965 532 991 nec
541 954 624 991 audeant
634 964 683 991 suas
690 952 752 1001 poeni.

83 1021 153 1059 tentias
164 1022 239 1069 absque
251 1022 320 1071 prioris
332 1021 409 1059 licentia
421 1022 524 1060 retardare.

203 1136 265 1175 Runa.
281 1137 331 1175 XLll.
344 1137 372 1174 De
383 1146 438 1175 ecam
449 1146 548 1175 onavrorus
558 1121 629 1175 cuum

115 1264 131 1290 1.
144 1252 225 1291 Gravior
236 1254 292 1301 culpa
303 1257 340 1297 est,
353 1253 369 1290 si
382 1252 426 1300 quis
438 1263 472 1301 per
484 1252 627 1290 contumaciam
642 1252 691 1299 (Fol.
703 1250 753 1302 35b')

87 1322 117 1358 vel
131 1321 255 1370 manifestam
268 1321 394 1359 rebellionem
412 1321 527 1359 inobediens
538 1321 618 1369 praelato
633 1331 670 1358 suo
682 1319 751 1365 fuerit,

86 1391 116 1426 vel
133 1390 148 1426 si
161 1401 206 1427 cum
219 1402 242 1427 eo
254 1389 307 1427 intus
319 1391 349 1426 vel
365 1390 411 1427 foris
422 1389 550 1427 conviciando
562 1381 685 1426 contendere
693 1398 753 1426 ausus

86 1457 150 1502 fuerit,
166 1458 197 1495 vel
212 1462 331 1506 praeceptum
344 1459 386 1506 ejus
398 1463 431 1495 aut
443 1458 558 1495 mandatum
570 1457 665 1495 omiserit.
678 1456 697 1494 Si
709 1456 754 1504 quis

86 1525 173 1564 officium
186 1537 221 1564 seu
232 1527 367 1564 auctoritatem
380 1526 410 1564 sui
419 1521 526 1575 superioris
537 1525 666 1574 usurpaverit.
680 1525 698 1562 Si
710 1519 754 1573 quis

86 1595 151 1633 villam
161 1594 203 1632 sine
217 1595 292 1632 licentia
304 1595 334 1632 sui
346 1595 452 1643 superioris
464 1594 570 1632 intraverit.
586 1594 605 1632 Si
617 1594 661 1643 quis
671 1587 754 1632 ‘susurro

86 1664 116 1700 vel
128 1663 224 1701 detractor
235 1664 263 1701 vel
274 1663 376 1701 manifeste
385 1663 469 1701 mendax
478 1668 511 1701 aut
518 1662 612 1701 ebriosus
622 1662 714 1701 inventus
724 1663 755 1700 fu-

87 1731 129 1778 erit,
147 1737 166 1769 et
183 1737 284 1770 accusatus
298 1743 368 1779 negare
385 1731 499 1783 nequiverit.
520 1742 539 1768 2.
556 1731 670 1768 Denudatus
688 1730 755 1768 condi-

87 1811 146 1847 gnam
157 1800 197 1837 suis
207 1799 280 1837 meritis
287 1798 368 1848 accipiat
374 1799 495 1848 disciplinam
502 1803 521 1836 et
526 1798 623 1836 adcellam
630 1798 666 1836 sibi
674 1811 684 1835 a
691 1797 755 1847 priore

88 1868 208 1916 assignatam
227 1868 295 1906 tendat
307 1869 326 1906 in
344 1881 366 1906 ea
380 1868 459 1906 silenter
470 1878 552 1905 manens
570 1878 633 1915 usque
648 1867 754 1905 adboram

88 1937 210 1974 comedendi.
222 1937 272 1975 Cum
281 1948 328 1975 vero
339 1942 419 1985 tempus
428 1935 555 1974 comestionis
567 1935 665 1973 advenerit
674 1939 755 1973 vocatus

89 2005 148 2042 intret
158 2005 281 2044 refectorium
291 2010 310 2043 et
319 2005 390 2044 sedens
402 2004 421 2042 in
433 2009 482 2042 terra
491 2004 511 2050 in
525 2004 589 2041 medio
598 2003 698 2048 refectorii,
707 2015 756 2053 pane

89 2078 108 2111 et
119 2085 169 2121 aqua
181 2085 239 2122 super
251 2085 336 2111 asserem
349 2073 426 2112 nudum
438 2073 537 2111 humiliter
546 2077 643 2117 vescatur,
654 2072 692 2109 nisi
704 2072 756 2121 prior

88 2142 105 2180 ei
117 2142 190 2191 aliquid
202 2154 236 2191 per
252 2143 403 2180 misericordiam
416 2141 544 2191 impenderit3
557 2141 591 2190 qui
603 2146 709 2190 postquam
724 2152 756 2179 co,-

90 2211 172 2249 mederit
184 2212 235 2250 facto
247 2211 304 2260 signo
314 2211 444 2261 perpnorem
457 2210 481 2247 ad
495 2210 632 2262 cellamsuam
646 2210 709 2248 redeat
723 2221 756 2258 pa-

89 2280 167 2319 tienter.
177 2292 195 2330 3.
206 2280 276 2319 Nullus
288 2280 357 2318 audeat
369 2291 390 2317 se
399 2280 519 2328 conjungere
531 2278 563 2322 illi,
577 2279 606 2315 vel
618 2278 634 2315 ei
647 2278 707 2327 loqui,
721 2289 756 2316 nec

90 2349 120 2387 ille
129 2350 189 2397 alteri,
201 2361 237 2388 nec
248 2350 265 2388 ei
274 2349 346 2398 aliquid
356 2348 447 2386 mandare
456 2348 497 2386 sine
507 2347 575 2397 prioris
585 2346 661 2385 licentia
670 2346 754 2396 speciali,
