1631 2703
220 109 243 136 DE
257 109 402 143 All'l'lQUIORlBUS
416 109 510 139 caurillis
667 112 699 150 l9l

34 182 120 220 contulit
128 183 228 221 ecclesiam
241 185 369 233 parochialem
382 185 470 234 ejusdem
488 185 555 235 oppidi
567 198 577 223 a
595 185 704 234 majoribus

34 255 75 294 suis
87 254 133 293 olim
143 255 163 292 in
176 255 254 304 proprio
274 256 335 294 fundo
355 262 463 295 extructam
475 268 520 294 cum
531 258 574 306 jure
587 262 701 306 patronatus

33 324 119 374 ejusdem
132 325 173 362 sola
189 325 240 373 apud
260 326 297 363 loci
317 326 437 364 ordinarium
449 326 486 364 sibi
498 325 580 374 suisque
589 327 700 365 haeredibus

35 394 183 441 praesentatione
201 399 303 438 reservata,
323 395 391 433 litteris
403 395 496 432 idiomate
507 395 582 443 belgico
605 401 624 433 et
644 396 703 433 latino

34 462 118 510 desuper
126 463 219 501 contectis
233 463 256 500 de
268 464 311 501 data
327 462 375 511 1306
391 463 410 501 in
422 465 472 501 festo
484 463 504 501 S.
515 464 599 501 Andreae
611 465 702 512 apostoli.

61 531 121 569 Anno
136 533 184 580 1308
194 532 218 569 ad
228 532 340 570 instantiam
351 532 514 581 supramemorati
524 533 639 571 venerabilis
646 533 666 571 P.
677 533 704 571 Si-

34 598 82 637 berti
95 600 210 648 perillustris
223 601 316 639 dominus
329 601 441 651 Raynaldus
450 601 462 638 l.
479 600 561 638 Geldnae
573 612 638 639 comes
648 601 703 649 juxta

34 669 171 707 authoritatem
184 669 219 707 sibi
229 682 239 707 a
248 670 280 708 SS.
292 670 377 708 Domino
385 670 486 708 Clemente
495 681 544 718 papa
553 670 576 707 V.
587 681 702 708 concessam

35 738 115 776 donavit
126 738 172 776 viris
182 739 277 788 religiosis
290 740 337 777 Ord.
348 740 369 777 B.
379 738 444 776 Mariae
451 739 539 787 Virginis
549 740 572 776 de
582 740 647 777 Monte
658 739 703 777 Car-

35 807 80 843 meli
90 807 119 854 (in
134 819 196 855 marg.
208 818 212 845 :
226 819 260 856 pro
271 808 405 845 construendo
418 807 537 845 monasterio
545 807 565 845 in
577 808 650 856 oppido
662 809 703 857 gel-

34 875 102 924 riensi)
112 881 174 914 totam
191 888 254 914 aream
273 888 318 914 cum
335 877 419 914 oratorio
431 881 450 913 et
461 876 544 914 officinis
559 877 634 914 suis...
652 878 701 914 assi-

33 955 97 992 gnans
106 945 185 993 insuper
203 945 276 983 eisdem
289 945 380 983 iratribus
397 945 483 983 redditus
495 945 575 995 triginta
591 956 700 983 marcarum

34 1012 189 1051 brabanticarum
203 1025 274 1062 grosso
286 1019 375 1051 currente
387 1013 444 1062 regali
460 1025 495 1062 pro
513 1019 597 1061 quatuor
608 1014 664 1052 annis
678 1026 701 1052 ex

33 1081 75 1119 suis
88 1082 180 1120 censibus
198 1083 326 1130 recipiendos.
346 1083 462 1125 Charitative
474 1082 551 1120 interim
564 1082 663 1130 requirens
676 1087 697 1120 ut

33 1149 118 1198 qualibet
130 1150 159 1188 die
171 1151 191 1196 in
202 1152 274 1199 capella
286 1150 342 1188 castri
355 1150 459 1188 Gelriensis
472 1150 542 1189 missas
554 1151 650 1188 celebrent
661 1152 696 1187 lio-

33 1229 103 1267 rasque
123 1220 242 1267 persolvant,
262 1224 320 1267 prout
336 1230 403 1257 eorum
424 1220 472 1257 ordo
485 1219 571 1267 requirit
593 1232 614 1256 ac
626 1219 648 1256 in
658 1219 699 1257 aliis

32 1288 162 1326 conventibus
175 1289 235 1326 lacere
247 1294 405 1336 consueverunt3
419 1288 486 1326 litteris
503 1289 587 1337 desuper
606 1289 656 1326 datis
676 1289 699 1325 de

33 1358 75 1394 data
88 1359 136 1407 1308
147 1358 165 1395 in
176 1359 226 1396 festo
236 1357 254 1395 S.
268 1358 317 1395 Petri
327 1358 350 1395 ad
359 1358 449 1395 Vincula.

59 1426 109 1464 Cum
122 1427 182 1475 igitur
190 1426 238 1465 strui
253 1432 319 1475 coepto
330 1427 449 1464 monasterio
458 1426 573 1463 venerabilis
582 1427 602 1463 P.
613 1426 700 1464 Sibertus

32 1495 56 1532 ab
67 1506 119 1532 anno
134 1497 183 1543 1508
195 1506 258 1543 usque
275 1496 299 1532 ad
319 1506 393 1532 annum
415 1505 463 1544 ¹3¹0
481 1496 548 1532 iratres
564 1506 612 1532 suos
629 1506 699 1543 magna

32 1564 146 1614 cumlaude
158 1565 246 1607 rexisset,
263 1564 378 1602 omnimoda
396 1575 468 1611 nempe
480 1563 541 1611 ipsius
553 1563 631 1601 comitis
646 1563 700 1601 satis-

31 1633 114 1670 factione
126 1638 283 1681 structuramque
298 1632 368 1670 novelli
379 1632 490 1670 monasterii
503 1632 570 1670 sedule
579 1636 597 1669 et
612 1632 698 1670 alacriter

31 1701 134 1739 auxiliante
143 1702 223 1739 domino
233 1702 335 1739 fundatore
348 1701 480 1750 promovisset
494 1701 517 1737 ab
527 1701 601 1738 ordinis
611 1701 698 1749 superio·

31 1771 85 1808 ribus
96 1771 145 1818 (Fol.
159 1781 182 1808 ro
193 1769 215 1821 b)
226 1782 270 1808 cum
282 1771 334 1808 bona
345 1770 459 1819 perillustris
469 1769 531 1813 venia,
545 1780 570 1807 ne
584 1769 646 1807 dicam
670 1770 698 1807 in-

30 1839 106 1884 stantia,
121 1851 144 1876 ne
155 1844 231 1877 tantum
242 1839 275 1877 viri
288 1839 391 1888 ingenium
405 1839 455 1876 inter
467 1838 544 1876 claustri
554 1838 638 1876 latebras
652 1838 698 1875 deli-

29 1912 118 1955 tesceret,
128 1920 179 1946 anno
192 1919 241 1958 1310
253 1908 334 1946 Parisios
345 1908 369 1945 ad
379 1908 479 1946 ulteriores
494 1906 513 1945 S.
527 1907 640 1956 Tlreologire
652 1898 697 1956 grass

29 1976 66 2014 dus
78 1976 199 2025 recipiendos
210 1977 319 2015 destinatus
338 1982 374 2020 est,
396 1977 448 2014 unde
468 1987 516 2024 ¹3¹2
537 1976 598 2013 reiux
612 1975 695 2013 Carmeli

28 2045 132 2083 Gelriensis
145 2046 196 2094 prior
207 2047 281 2083 electus
294 2044 325 2097 (1)
337 2045 407 2083 iterum
420 2044 501 2082 Parisios
519 2052 565 2092 post
576 2054 649 2093 paucos
661 2054 697 2081 an-

28 2125 64 2152 nos
75 2115 130 2152 rediit
139 2121 197 2163 atque
206 2114 278 2152 ibidem
287 2126 338 2152 anno
351 2112 400 2164 1316
410 2113 501 2151 do:torali
512 2114 575 2150 laurea
585 2112 692 2161 insignitus

50 2277 71 2320 [ri
81 2276 137 2310 Annis
150 2276 288 2319 1315-1317erat
298 2276 346 2319 prior
358 2275 480 2309 Coloniensis.
488 2274 515 2307 Cf.
525 2274 548 2306 H.
558 2274 580 2305 H.
592 2272 650 2312 Koch,
661 2272 696 2304 Die

27 2334 217 2369 Karmeiitealrloesler
236 2335 268 2367 der
285 2334 438 2367 rriederieatsclzea
452 2333 536 2376 Proaiag.
559 2330 646 2373 Freiburg
666 2331 690 2362 im

32 2393 124 2436 Breisgau,
137 2392 186 2436 1889.
200 2393 219 2426 Ρ.
230 2392 257 2425 32.
