1631 2703
88 134 122 173 132
331 150 333 152 -
353 134 402 169 nera
416 133 477 162 earn.

86 243 90 247 ,
117 207 164 244 ltem
175 207 258 246 Rubrica
268 208 339 245 XXVlll
348 208 371 245 de
384 208 452 256 sigillis
464 212 482 245 et
494 205 643 255 sigillationlbus
653 204 754 249 >immedia-

73 265 104 325 'te
114 275 147 312 ant
140 281 158 312 te
168 277 251 324 illum:r
233 275 251 325 (r
256 276 318 324 )Nall
318 288 339 313 ns
350 277 410 314 socias
417 276 487 323 prioris
490 262 587 325 generatis
592 286 624 312 sea
628 273 751 322 proazrrciais

84 344 345 394 &cluseratur:sl1tuirnus
357 345 411 392 quod
423 344 456 393 qui
469 343 559 382 notabilia
567 343 656 381 scandala
667 343 697 380 vel
711 352 754 390 per-

56 435 63 438 ··
78 401 132 458 ‘iuria
141 413 278 451 commiserint
289 425 324 452 seu
332 413 363 451 erl
364 426 389 451 nn
402 402 552 459 commiserunt,
561 412 603 454 nisi
606 419 651 449 ante
659 411 755 449 constitu-

84 481 159 520 tionern
172 482 362 530 hancdispensatum
372 482 427 520 luerit
420 487 482 520 tcum
492 481 579 533 eisdem,
577 492 619 530 per
628 479 754 529 provinciales

85 548 187 588 auriana
189 561 233 588 ores
241 551 371 600 capitulorum
381 549 545 600 provincialium
541 538 561 587 iri
561 547 713 592 communibus
723 559 755 597 pa-

86 619 150 669 piris
145 630 224 662 suarum
235 619 377 677 provinciarum
388 619 496 658 scribantur
499 618 560 668 quod
570 618 668 680 prioribus
677 616 756 667 provin-

82 688 179 738 rcialibus
176 687 296 737 injungimus
308 688 452 726 observandum
465 688 503 726 sub
520 697 584 744 poena
591 680 719 736 depositionis
730 685 755 722 ab

57 764 58 775 ³
87 756 156 794 officiis
167 767 208 794 suis
220 756 397 805 ransgressoubus
408 756 521 804 infligenda
587 757 590 758 ⁷

74 852 76 854 -
114 825 160 862 Item
174 825 192 863 in
202 825 270 862 eadem
282 810 364 863 Rubrica
374 826 495 874 paragrapho
507 824 531 862 lV
543 823 562 862 in
574 818 613 862 fine
627 822 754 863 ubidicitur:
765 871 768 875 Δ

86 892 121 943 (a)
125 880 251 942 praeterquam
257 893 277 931 ia
286 893 351 942 officiis
359 893 379 931 ia
388 893 469 940 capitulo
476 892 562 942 generali
568 876 690 942 irniiiageadis
698 891 756 929 adda-

82 968 131 999 tur:
149 967 279 1010 praeterquam
291 962 311 999 in
324 960 393 999 officiis
405 966 424 998 et
437 962 532 999 omnibus
543 965 562 999 et
574 958 658 1009 singulis
675 960 756 1009 agendis

87 1030 107 1072 in
120 1029 204 1078 capitulo
224 1030 316 1078 generali,
326 1044 328 1047 >
338 1041 383 1068 curn
396 1040 444 1068 usus
462 1035 481 1068 et
490 1017 619 1074 ,consuetudo
632 1028 711 1071 ordinis
731 1028 757 1066 sic

88 1110 166 1147 semper
178 1103 266 1136 servatur
278 1104 297 1136 et
308 1099 327 1136 in
337 1100 426 1137 futurum
445 1099 577 1148 approbamus
589 1096 608 1136 et
619 1095 719 1146 'quantum
732 1097 755 1135 ad

89 1168 161 1216 litteras
172 1168 197 1204 de
206 1166 326 1216 poenitentiis
336 1167 462 1217 injungendis
474 1168 493 1205 in
506 1167 590 1216 capitulo
599 1155 712 1216 provinciali
720 1166 757 1203 hoc

90 1237 141 1273 idem
153 1237 247 1281 volumus
259 1236 363 1273 observari,
377 1237 423 1274 ltem
434 1236 452 1273 in
461 1236 528 1274 eadem
540 1221 624 1282 Rubrica
633 1234 666 1273 ubi
675 1235 756 1273 dieitur:

90 1303 121 1354 (3)
129 1304 152 1342 Si
162 1305 204 1354 quis
211 1309 246 1352 pro
257 1295 397 1343 continuatione
405 1306 436 1343 vet
445 1305 542 1353 adeptione
549 1305 664 1354 officiijiofra
673 1304 756 1342 ordinem

63 1400 64 1403 η
89 1375 125 1410 aut
131 1377 167 1420 pro
175 1374 281 1422 deserisioae
291 1374 321 1411 ael
333 1374 454 1421 impunitione
465 1374 566 1412 calamina
573 1368 632 1427 culpae
638 1374 668 1410 ael
671 1377 706 1420 pro
714 1376 756 1419 pro-

89 1442 170 1479 motione
180 1444 206 1480 ad
216 1443 299 1480 studiana
307 1454 339 1480 sen
347 1447 381 1489 pro
392 1454 445 1480 rnora
454 1443 474 1480 ia
485 1443 577 1481 conventa
588 1429 618 1493 aet
628 1442 721 1482 amotione
732 1443 756 1479 ad

88 1514 198 1563 conventam
206 1512 225 1548 ia
234 1523 269 1560 qao
275 1513 395 1550 scaritalosirs
402 1513 432 1549 ael
437 1514 574 1553 danraosassen
579 1500 674 1558 suspectas
680 1511 757 1549 habetur

89 1580 182 1618 addatur:
196 1586 214 1618 et
221 1586 288 1619 contra
301 1582 424 1625 voluntatem
434 1581 463 1619 sui
473 1580 579 1630 superioris
588 1591 755 1632 proquacumque

89 1649 150 1698 gratia
162 1650 266 1687 obtinenda
276 1662 341 1699 preces
353 1652 383 1688 rel
392 1651 464 1688 litteras
475 1651 504 1688 &c
515 1655 538 1689 ut
549 1638 614 1699 supra.
625 1650 671 1687 ltem
690 1649 758 1688 statui-

89 1729 134 1755 mus
150 1724 172 1756 ut
184 1718 209 1755 ibi
220 1718 324 1756 inseratur:
343 1718 359 1756 si
371 1724 450 1768 propter
467 1729 533 1768 preces
544 1719 574 1756 vel
586 1718 659 1756 litteras
668 1718 756 1766 praelato-

90 1798 140 1830 rum,
152 1774 268 1836 principum,
280 1793 393 1837 magnatum
403 1793 436 1826 aut
445 1787 611 1826 communitatum
623 1788 654 1825 vel
664 1798 756 1836 quarum-

90 1866 175 1903 cumque
184 1867 310 1904 personarum
327 1861 379 1894 extra
389 1857 477 1894 ordinem
494 1867 640 1905 quemcumque
656 1857 756 1903 praelatum

90 1923 170 1972 ordinis,
184 1925 261 1973 neipse
269 1932 302 1963 aut
314 1926 361 1963 ordo
371 1926 475 1970 offensam,
489 1925 645 1974 indignationem
658 1930 692 1963 aut
703 1925 758 1962 dam-

91 2003 139 2030 num
159 1992 249 2038 incurrat,
262 1994 317 2032 alicui
330 1995 381 2032 lratri
398 1999 486 2043 oporteat
503 1999 535 2034 vet
548 1994 660 2043 ,contingat
670 1993 758 2043 gratiam

91 2048 196 2099 concedere
208 2068 274 2101 contra
286 2075 342 2101 suam
355 2050 483 2108 noluntarern,
498 2062 644 2111 quamvisttalis
653 2063 713 2100 ,irater
725 2073 759 2111 per

91 2141 112 2168 se
121 2131 151 2168 vel
163 2143 196 2181 per
206 2132 265 2169 alium
276 2133 389 2182 hujusmodi
399 2143 466 2184 preces
476 2144 511 2172 seu
527 2132 598 2170 litteras
610 2131 692 2170 minime
713 2143 759 2180 pro-

113 2286 135 2330 (ι)
145 2283 163 2319 n.
174 2288 190 2322 3.

112 2343 133 2388 la)
143 2355 161 2378 n.
170 2357 187 2388 4.

112 2402 133 2446 a)
143 2413 161 2437 n.
172 2413 200 2438 10.
