1631 2703
107 97 132 149 76
363 109 525 140 constitutiones

106 190 265 235 assumptorum,
283 186 314 225 vel
324 186 469 234 absolutorum,
485 186 501 224 si
520 197 554 236 per
569 189 690 225 conventum
707 184 780 224 luerint

107 256 170 301 electi,
186 260 206 294 et
221 260 358 305 procuratores
371 267 470 294 novorum
483 256 579 301 locorum,
593 256 627 294 ubi
642 256 708 293 locum
721 255 780 293 habe-

107 336 152 363 mus
165 329 184 362 et
205 326 273 363 iratres
290 336 397 363 numerum
415 325 562 374 quaternarium
577 325 701 372 excedentes,
713 324 781 362 venire

107 400 220 440 teneantur,
234 395 305 444 singuli
318 407 363 433 curn
374 406 415 433 uno
424 395 477 432 socio
491 394 511 432 in
521 394 563 433 suis
571 394 661 444 capitulis
673 395 708 433 rite
720 400 739 431 et
750 406 781 432 ca-

108 465 178 503 nonice
193 466 261 510 electo,
274 465 308 513 qui
324 466 406 503 fratrum
424 464 514 502 omnium
529 475 597 502 vocem
614 463 780 503 etauctoritatem

108 534 178 572 habeat
189 534 213 572 ad
222 546 244 572 ea
254 546 299 583 quae
310 539 368 572 erunt
379 534 399 571 in
411 534 497 583 capitulo
507 534 621 583 provinciali
633 533 720 571 facienda
731 538 782 571 tam·
795 544 796 547 ’

109 615 169 653 quam
180 604 196 642 si
203 615 274 642 omnes
285 603 413 653 personaliter
422 603 547 642 interessent.
559 615 578 642 2.
594 603 702 641 statuimus
714 607 781 641 autem

109 673 163 722 quod
180 674 263 722 quilibet
278 674 330 723 prior
347 673 481 712 conventualis
496 678 561 722 portet
578 684 646 711 secum
663 673 701 711 sub
718 672 782 722 sigillo

109 748 221 782 conventus
238 744 262 781 ad
274 744 382 792 capitulum
395 743 544 794 provincialem
562 743 647 792 scriptis,
660 754 697 781 suo
709 742 783 780 sciente

110 813 170 858 socio,
188 824 218 851 res
230 813 333 858 notabiles,
348 812 411 850 debita
423 817 442 851 et
460 817 533 850 statum
549 813 622 850 domus
634 812 693 861 priori
703 812 783 861 provin-

110 882 151 920 ciali
169 889 189 920 et
207 882 347 920 diffinitoribus
363 882 507 931 praesentanda,
529 882 562 930 qui
580 882 647 920 omnia
663 881 751 930 redigant
763 881 782 920 in

110 951 206 1001 scriptum
219 963 290 994 unum,
304 952 359 1000 quod
371 951 424 1000 prior
436 940 560 1000 provincialis
570 962 637 989 secum
650 955 715 1000 portet
726 950 746 988 in
755 950 784 990 vi-

110 1021 202 1060 sitatione
222 1026 241 1059 et
263 1021 334 1071 scripta
355 1021 400 1059 talia
417 1020 516 1070 prioribus
534 1021 628 1059 localibus
646 1020 726 1059 reddere
743 1031 783 1059 non

111 1091 196 1129 omittat.
210 1103 230 1141 3.
241 1091 322 1140 Semper
333 1096 398 1128 autem
409 1090 484 1139 priores
496 1090 625 1139 provinciales
637 1090 711 1139 singuli
720 1101 783 1129 unum

111 1161 188 1199 socium
203 1172 213 1198 e
225 1160 365 1198 diffinitoribus
374 1159 452 1209 capituli
464 1159 588 1208 provincialis
600 1160 684 1198 habeant
695 1160 783 1209 assigna-

112 1235 162 1275 tum,
173 1242 233 1278 quem
246 1230 262 1267 si
275 1230 325 1267 mori
334 1230 365 1268 vel
374 1230 457 1267 deiicere
465 1229 569 1277 contigerit
578 1230 608 1267 vel
620 1229 666 1267 alias
679 1229 784 1267 rationabi-

111 1299 154 1336 liter
166 1299 263 1347 impediri,
278 1299 337 1336 alium
356 1309 397 1336 suae
415 1298 521 1347 provinciae
538 1298 632 1336 idoneum
647 1298 683 1336 sibi
700 1299 784 1336 associet

112 1368 221 1407 secundum
231 1368 286 1417 quod
297 1368 314 1406 ei
326 1367 424 1406 videbitur
436 1367 534 1416 expedire.
552 1379 572 1416 4.
586 1368 657 1406 Nullus
669 1368 728 1406 intret
736 1369 786 1417 capi-

112 1438 177 1475 tulum
192 1437 311 1486 provinciale
329 1437 366 1474 nisi
385 1436 513 1485 compleverit
527 1441 567 1474 tres
585 1448 650 1474 annos
662 1437 681 1474 in
694 1437 785 1475 ordinea

113 1518 148 1545 sua
165 1507 295 1555 professione,
309 1518 344 1544 nec
356 1506 414 1544 etiam
427 1505 494 1553 laicus,
511 1517 547 1543 nec
559 1506 602 1543 loco
615 1511 634 1543 et
647 1518 695 1545 voce
708 1518 784 1551 carens,

113 1587 149 1613 nec
165 1576 236 1625 aliquis
252 1576 317 1614 socius
339 1576 409 1624 prioris
421 1576 451 1613 vel
468 1575 533 1614 vicarii
551 1587 586 1613 seu
600 1577 738 1624 procuratoris,
752 1577 786 1625 qui

113 1650 157 1683 ante
167 1657 267 1684 recessum
277 1645 307 1683 sui
319 1645 399 1695 majoris
411 1645 435 1683 de
445 1649 546 1683 conventu
558 1645 582 1682 ad
591 1644 699 1694 capitulum
712 1657 746 1694 per
755 1657 787 1683 oc·

113 1720 133 1753 to
145 1716 176 1752 vel
189 1716 255 1763 plures
267 1715 309 1752 dies
322 1714 380 1751 fuerit
391 1715 464 1752 electus
478 1714 497 1751 in
516 1713 593 1752 socium
606 1714 675 1763 ipsius.
694 1715 717 1752 Et
729 1715 787 1752 debet

113 1784 253 1822 tantummodo
266 1783 373 1833 capitulum
387 1783 505 1833 provinciale
514 1783 604 1821 celebrari
617 1795 641 1821 ex
652 1783 750 1832 prioribus
759 1785 788 1821 lo-

113 1854 187 1891 calibus
197 1859 215 1891 et
224 1853 300 1891 vicariis
309 1853 375 1891 electis
382 1865 416 1901 per
425 1857 545 1890 conventum
555 1853 643 1901 priorum
653 1858 785 1897 mortuorum,

113 1927 271 1971 assumptorum,
279 1923 310 1959 vel
319 1922 464 1965 absolutorum,
478 1927 497 1959 et
505 1932 603 1959 novorum
616 1922 705 1960 locorum
717 1933 788 1971 procu-

114 1992 220 2036 ratoribus,
239 1996 258 2029 et
270 2002 339 2029 eorum
352 1990 417 2033 sociis,
431 2002 476 2028 cum
489 1983 553 2039 priore
565 1990 678 2039 provinciali
695 1995 713 2028 et
728 1991 787 2029 unico

114 2062 157 2110 ejus
177 2061 238 2099 socio.
259 2072 276 2109 5.
290 2060 365 2097 Tamen
386 2060 438 2108 prior
457 2060 554 2108 generalis
571 2071 616 2097 cum
630 2060 709 2098 duobus
729 2061 788 2098 sociis

114 2131 144 2168 vel
162 2130 206 2180 ejus
221 2129 305 2168 vicarius
317 2129 358 2168 sive
369 2129 457 2168 visitator
477 2141 523 2168 cum
542 2129 602 2167 unico
622 2129 676 2168 socio
695 2134 790 2179 poterunt

114 2200 216 2237 interesse.
230 2200 253 2236 Et
272 2199 325 2248 prior
341 2199 438 2248 generalis
457 2200 487 2237 vel
500 2199 543 2247 ejus
555 2199 638 2236 vicarius
656 2200 686 2236 vel
702 2198 790 2237 visitator

115 2281 161 2308 cum
179 2268 271 2307 intersint
288 2269 361 2307 debent
378 2268 489 2318 praesidere.
507 2265 526 2307 6.
547 2268 600 2307 Prior
617 2268 675 2306 etiam
693 2270 789 2318 generalis

115 2341 231 2385 absolutus,
253 2340 269 2377 si
289 2339 313 2377 ad
336 2339 444 2388 capitulum
466 2339 585 2388 provinciale
605 2338 672 2376 venire
694 2339 788 2387 voluerit,

116 2409 141 2448 sit
156 2409 179 2448 de
192 2409 269 2464 gremio
287 2408 333 2448 dicti
347 2408 433 2462 capituli,
448 2420 486 2449 nec
497 2413 564 2450 tamen
582 2407 677 2457 diffinitur
689 2420 736 2447 esse
755 2421 791 2461 po-
