<?xml version="1.0" encoding="UTF-8"?>
<!DOCTYPE html PUBLIC "-//W3C//DTD XHTML 1.0 Transitional//EN"
    "http://www.w3.org/TR/xhtml1/DTD/xhtml1-transitional.dtd">
<html xmlns="http://www.w3.org/1999/xhtml" xml:lang="en" lang="en">
 <head>
  <title>
</title>
<meta http-equiv="Content-Type" content="text/html;charset=utf-8" />
  <meta name='ocr-system' content='tesseract 3.04.00' />
  <meta name='ocr-capabilities' content='ocr_page ocr_carea ocr_par ocr_line ocrx_word'/>
</head>
<body>
  <div class='ocr_page' id='page_1' title='image "MN5087ucmf_2_0175.png"; bbox 0 0 1631 2703; ppageno 0'>
   <div class='ocr_carea' id='block_1_1' title="bbox 248 122 693 162">
    <p class='ocr_par' dir='ltr' id='par_1_1' title="bbox 248 122 693 162">
     <span class='ocr_line' id='line_1_1' title="bbox 248 122 693 162; baseline -0.002 -11"><span class='ocrx_word' id='word_1_1' title='bbox 248 122 352 151; x_wconf 53' lang='lat' dir='ltr'><strong>oenensn.</strong></span> <span class='ocrx_word' id='word_1_2' title='bbox 368 123 386 151; x_wconf 89' lang='lat' dir='ltr'><strong>o.</strong></span> <span class='ocrx_word' id='word_1_3' title='bbox 406 122 462 161; x_wconf 77' lang='lat'>1345.</span> <span class='ocrx_word' id='word_1_4' title='bbox 655 122 693 162; x_wconf 76' lang='lat'><strong>¹59</strong></span> 
     </span>
    </p>
   </div>
   <div class='ocr_carea' id='block_1_2' title="bbox 20 195 699 797">
    <p class='ocr_par' dir='ltr' id='par_1_2' title="bbox 20 195 698 453">
     <span class='ocr_line' id='line_1_2' title="bbox 20 195 692 247; baseline 0 -14"><span class='ocrx_word' id='word_1_5' title='bbox 20 195 122 243; x_wconf 74' lang='lat' dir='ltr'><strong>prouinciis</strong></span> <span class='ocrx_word' id='word_1_6' title='bbox 134 197 287 246; x_wconf 65' lang='lat' dir='ltr'><strong>relinpurnt&#39;vel</strong></span> <span class='ocrx_word' id='word_1_7' title='bbox 295 195 391 245; x_wconf 66' lang='lat' dir='ltr'><strong>resignent</strong></span> <span class='ocrx_word' id='word_1_8' title='bbox 401 196 475 240; x_wconf 70' lang='lat' dir='ltr'><strong>risten,</strong></span> <span class='ocrx_word' id='word_1_9' title='bbox 486 195 569 234; x_wconf 85' lang='lat' dir='ltr'><strong>totaliter</strong></span> <span class='ocrx_word' id='word_1_10' title='bbox 581 195 630 247; x_wconf 82' lang='lat' dir='ltr'><strong>(Fol.</strong></span> <span class='ocrx_word' id='word_1_11' title='bbox 646 195 692 247; x_wconf 68' lang='lat' dir='ltr'><strong>52‘a)</strong></span> 
     </span>
     <span class='ocr_line' id='line_1_3' title="bbox 23 265 693 315; baseline 0 -12"><span class='ocrx_word' id='word_1_12' title='bbox 23 265 131 314; x_wconf 74' lang='lat' dir='ltr'>abradatur,</span> <span class='ocrx_word' id='word_1_13' title='bbox 142 278 176 314; x_wconf 83' lang='lat' dir='ltr'><strong>per</strong></span> <span class='ocrx_word' id='word_1_14' title='bbox 185 268 222 304; x_wconf 86' lang='lat' dir='ltr'><strong>hoc</strong></span> <span class='ocrx_word' id='word_1_15' title='bbox 232 277 271 304; x_wconf 91' lang='lat' dir='ltr'><strong>non</strong></span> <span class='ocrx_word' id='word_1_16' title='bbox 281 265 406 304; x_wconf 86' lang='lat' dir='ltr'><strong>intendentes</strong></span> <span class='ocrx_word' id='word_1_17' title='bbox 418 266 466 303; x_wconf 88' lang='lat' dir='ltr'><strong>tales</strong></span> <span class='ocrx_word' id='word_1_18' title='bbox 480 267 582 304; x_wconf 72' lang='lat' dir='ltr'>studentes</span> <span class='ocrx_word' id='word_1_19' title='bbox 595 277 638 303; x_wconf 86' lang='lat' dir='ltr'><strong>esse</strong></span> <span class='ocrx_word' id='word_1_20' title='bbox 654 266 693 315; x_wconf 91' lang='lat' dir='ltr'><strong>pri-</strong></span> 
     </span>
     <span class='ocr_line' id='line_1_4' title="bbox 23 334 692 383; baseline 0 -12"><span class='ocrx_word' id='word_1_21' title='bbox 23 336 80 372; x_wconf 84' lang='lat' dir='ltr'><strong>vatos</strong></span> <span class='ocrx_word' id='word_1_22' title='bbox 91 336 132 373; x_wconf 89' lang='lat' dir='ltr'><strong>suls</strong></span> <span class='ocrx_word' id='word_1_23' title='bbox 144 335 231 379; x_wconf 74' lang='lat' dir='ltr'><strong>vocibus,</strong></span> <span class='ocrx_word' id='word_1_24' title='bbox 248 335 282 373; x_wconf 80' lang='lat' dir='ltr'><strong>sed</strong></span> <span class='ocrx_word' id='word_1_25' title='bbox 294 335 360 372; x_wconf 89' lang='lat' dir='ltr'><strong>solum</strong></span> <span class='ocrx_word' id='word_1_26' title='bbox 373 344 481 382; x_wconf 71' lang='lat' dir='ltr'><strong>suspensos</strong></span> <span class='ocrx_word' id='word_1_27' title='bbox 497 345 532 382; x_wconf 75' lang='lat' dir='ltr'><strong>pro</strong></span> <span class='ocrx_word' id='word_1_28' title='bbox 545 334 634 383; x_wconf 84' lang='lat' dir='ltr'><strong>tempore</strong></span> <span class='ocrx_word' id='word_1_29' title='bbox 651 345 692 383; x_wconf 85' lang='lat' dir='ltr'><strong>quo</strong></span> 
     </span>
     <span class='ocr_line' id='line_1_5' title="bbox 24 403 698 453; baseline 0.003 -13"><span class='ocrx_word' id='word_1_30' title='bbox 24 408 80 441; x_wconf 86' lang='lat' dir='ltr'><strong>erum</strong></span> <span class='ocrx_word' id='word_1_31' title='bbox 90 403 109 442; x_wconf 93' lang='lat' dir='ltr'><strong>in</strong></span> <span class='ocrx_word' id='word_1_32' title='bbox 119 403 151 442; x_wconf 90' lang='lat' dir='ltr'><strong>tali</strong></span> <span class='ocrx_word' id='word_1_33' title='bbox 161 403 226 442; x_wconf 89' lang='lat' dir='ltr'><strong>studio</strong></span> <span class='ocrx_word' id='word_1_34' title='bbox 235 403 329 453; x_wconf 77' lang='lat' dir='ltr'><strong>generali.</strong></span> <span class='ocrx_word' id='word_1_35' title='bbox 696 405 698 408; x_wconf 77' lang='grc'>’</span> 
     </span>
    </p>

    <p class='ocr_par' dir='ltr' id='par_1_3' title="bbox 25 471 692 659">
     <span class='ocr_line' id='line_1_6' title="bbox 51 471 692 520; baseline 0 -10"><span class='ocrx_word' id='word_1_36' title='bbox 51 472 213 511; x_wconf 83' lang='lat' dir='ltr'><strong>ltemaddaturIn</strong></span> <span class='ocrx_word' id='word_1_37' title='bbox 223 473 290 511; x_wconf 83' lang='lat' dir='ltr'><strong>endem</strong></span> <span class='ocrx_word' id='word_1_38' title='bbox 299 471 382 510; x_wconf 87' lang='lat' dir='ltr'><strong>Rubrica</strong></span> <span class='ocrx_word' id='word_1_39' title='bbox 394 472 448 520; x_wconf 86' lang='lat' dir='ltr'><strong>quod</strong></span> <span class='ocrx_word' id='word_1_40' title='bbox 460 472 526 509; x_wconf 92' lang='lat' dir='ltr'><strong>nullus</strong></span> <span class='ocrx_word' id='word_1_41' title='bbox 539 472 595 509; x_wconf 84' lang='lat' dir='ltr'><strong>irater</strong></span> <span class='ocrx_word' id='word_1_42' title='bbox 606 472 692 510; x_wconf 81' lang='lat' dir='ltr'>existens</span> 
     </span>
     <span class='ocr_line' id='line_1_7' title="bbox 25 540 692 589; baseline -0.001 -11"><span class='ocrx_word' id='word_1_43' title='bbox 25 545 137 589; x_wconf 86' lang='lat' dir='ltr'><strong>procurator</strong></span> <span class='ocrx_word' id='word_1_44' title='bbox 152 541 233 588; x_wconf 76' lang='lat' dir='ltr'><strong>alicuius</strong></span> <span class='ocrx_word' id='word_1_45' title='bbox 251 541 314 579; x_wconf 75' lang='lat' dir='ltr'><strong>iratus</strong></span> <span class='ocrx_word' id='word_1_46' title='bbox 333 540 420 578; x_wconf 84' lang='lat' dir='ltr'><strong>absentis</strong></span> <span class='ocrx_word' id='word_1_47' title='bbox 440 540 458 578; x_wconf 92' lang='lat' dir='ltr'><strong>in</strong></span> <span class='ocrx_word' id='word_1_48' title='bbox 476 540 540 589; x_wconf 83' lang='lat' dir='ltr'><strong>aliqua</strong></span> <span class='ocrx_word' id='word_1_49' title='bbox 557 540 651 580; x_wconf 85' lang='lat' dir='ltr'><strong>electione</strong></span> <span class='ocrx_word' id='word_1_50' title='bbox 664 551 692 578; x_wconf 89' lang='lat' dir='ltr'><strong>se-</strong></span> 
     </span>
     <span class='ocr_line' id='line_1_8' title="bbox 25 609 688 659; baseline 0.009 -13"><span class='ocrx_word' id='word_1_51' title='bbox 25 609 90 658; x_wconf 88' lang='lat' dir='ltr'><strong>ipsum</strong></span> <span class='ocrx_word' id='word_1_52' title='bbox 100 610 171 659; x_wconf 77' lang='lat' dir='ltr'>eligere</span> <span class='ocrx_word' id='word_1_53' title='bbox 183 610 253 659; x_wconf 86' lang='lat' dir='ltr'><strong>possit.</strong></span> <span class='ocrx_word' id='word_1_54' title='bbox 686 649 688 652; x_wconf 14' lang='grc' dir='ltr'><em>Α</em></span> 
     </span>
    </p>

    <p class='ocr_par' dir='ltr' id='par_1_4' title="bbox 25 677 699 797">
     <span class='ocr_line' id='line_1_9' title="bbox 51 677 699 727; baseline 0 -12"><span class='ocrx_word' id='word_1_55' title='bbox 51 679 97 716; x_wconf 88' lang='lat' dir='ltr'><strong>Item</strong></span> <span class='ocrx_word' id='word_1_56' title='bbox 105 678 124 716; x_wconf 93' lang='lat' dir='ltr'><strong>in</strong></span> <span class='ocrx_word' id='word_1_57' title='bbox 133 678 216 717; x_wconf 88' lang='lat' dir='ltr'><strong>Rubrica</strong></span> <span class='ocrx_word' id='word_1_58' title='bbox 223 679 294 718; x_wconf 81' lang='lat' dir='ltr'>XXVIII</span> <span class='ocrx_word' id='word_1_59' title='bbox 303 679 327 716; x_wconf 91' lang='lat' dir='ltr'><strong>de</strong></span> <span class='ocrx_word' id='word_1_60' title='bbox 336 678 405 727; x_wconf 76' lang='lat' dir='ltr'><strong>sigillis</strong></span> <span class='ocrx_word' id='word_1_61' title='bbox 416 684 435 715; x_wconf 85' lang='lat' dir='ltr'><strong>et</strong></span> <span class='ocrx_word' id='word_1_62' title='bbox 443 677 699 727; x_wconf 83' lang='lat' dir='ltr'><strong>sigillationibusaddarur:·</strong></span> 
     </span>
     <span class='ocr_line' id='line_1_10' title="bbox 25 738 693 797; baseline 0 -13"><span class='ocrx_word' id='word_1_63' title='bbox 25 746 133 785; x_wconf 88' lang='lat' dir='ltr'><strong>Statuimus</strong></span> <span class='ocrx_word' id='word_1_64' title='bbox 146 754 165 785; x_wconf 90' lang='lat' dir='ltr'><strong>et</strong></span> <span class='ocrx_word' id='word_1_65' title='bbox 177 747 291 786; x_wconf 78' lang='lat' dir='ltr'><strong>ordinamus</strong></span> <span class='ocrx_word' id='word_1_66' title='bbox 303 747 357 797; x_wconf 90' lang='lat' dir='ltr'><strong>quod</strong></span> <span class='ocrx_word' id='word_1_67' title='bbox 371 738 419 785; x_wconf 76' lang='lat' dir='ltr'><strong>socii</strong></span> <span class='ocrx_word' id='word_1_68' title='bbox 434 746 502 796; x_wconf 84' lang='lat' dir='ltr'><strong>prloris</strong></span> <span class='ocrx_word' id='word_1_69' title='bbox 514 746 610 795; x_wconf 87' lang='lat' dir='ltr'><strong>generalis</strong></span> <span class='ocrx_word' id='word_1_70' title='bbox 627 747 693 795; x_wconf 89' lang='lat' dir='ltr'><strong>jurent</strong></span> 
     </span>
    </p>
   </div>
   <div class='ocr_carea' id='block_1_3' title="bbox 24 815 749 932">
    <p class='ocr_par' dir='ltr' id='par_1_5' title="bbox 24 815 749 932">
     <span class='ocr_line' id='line_1_11' title="bbox 24 815 699 865; baseline 0 -13"><span class='ocrx_word' id='word_1_71' title='bbox 24 816 109 865; x_wconf 84' lang='lat' dir='ltr'><strong>capitulo</strong></span> <span class='ocrx_word' id='word_1_72' title='bbox 121 816 206 865; x_wconf 87' lang='lat' dir='ltr'><strong>generali</strong></span> <span class='ocrx_word' id='word_1_73' title='bbox 218 817 248 854; x_wconf 91' lang='lat' dir='ltr'><strong>vel</strong></span> <span class='ocrx_word' id='word_1_74' title='bbox 261 816 318 865; x_wconf 90' lang='lat' dir='ltr'><strong>priori</strong></span> <span class='ocrx_word' id='word_1_75' title='bbox 335 816 427 864; x_wconf 84' lang='lat' dir='ltr'><strong>generali,</strong></span> <span class='ocrx_word' id='word_1_76' title='bbox 447 816 500 865; x_wconf 83' lang='lat' dir='ltr'><strong>quod</strong></span> <span class='ocrx_word' id='word_1_77' title='bbox 518 826 608 865; x_wconf 83' lang='lat' dir='ltr'><strong>personae</strong></span> <span class='ocrx_word' id='word_1_78' title='bbox 623 815 699 864; x_wconf 83' lang='lat' dir='ltr'><strong>priorIs</strong></span> 
     </span>
     <span class='ocr_line' id='line_1_12' title="bbox 25 879 749 932; baseline -0.001 -16"><span class='ocrx_word' id='word_1_79' title='bbox 25 880 121 928; x_wconf 85' lang='lat' dir='ltr'><strong>generalis</strong></span> <span class='ocrx_word' id='word_1_80' title='bbox 132 885 189 918; x_wconf 87' lang='lat' dir='ltr'><strong>erunt</strong></span> <span class='ocrx_word' id='word_1_81' title='bbox 198 880 265 917; x_wconf 90' lang='lat' dir='ltr'><strong>lideles</strong></span> <span class='ocrx_word' id='word_1_82' title='bbox 275 879 371 923; x_wconf 76' lang='lat' dir='ltr'><strong>etofficio,</strong></span> <span class='ocrx_word' id='word_1_83' title='bbox 385 883 404 917; x_wconf 85' lang='lat' dir='ltr'><strong>et</strong></span> <span class='ocrx_word' id='word_1_84' title='bbox 413 879 467 928; x_wconf 88' lang='lat' dir='ltr'><strong>quod</strong></span> <span class='ocrx_word' id='word_1_85' title='bbox 474 879 504 916; x_wconf 92' lang='lat' dir='ltr'><strong>ille</strong></span> <span class='ocrx_word' id='word_1_86' title='bbox 514 879 547 928; x_wconf 89' lang='lat' dir='ltr'><strong>qui</strong></span> <span class='ocrx_word' id='word_1_87' title='bbox 556 879 629 917; x_wconf 85' lang='lat' dir='ltr'><strong>tenebit</strong></span> <span class='ocrx_word' id='word_1_88' title='bbox 638 879 698 931; x_wconf 46' lang='lat' dir='ltr'><strong>siglis</strong></span> <span class='ocrx_word' id='word_1_89' title='bbox 741 885 749 932; x_wconf 26' lang='lat'><strong>‘-</strong></span> 
     </span>
    </p>
   </div>
   <div class='ocr_carea' id='block_1_4' title="bbox 26 948 719 2305">
    <p class='ocr_par' dir='ltr' id='par_1_6' title="bbox 26 948 701 1399">
     <span class='ocr_line' id='line_1_13' title="bbox 26 948 694 998; baseline 0.001 -13"><span class='ocrx_word' id='word_1_90' title='bbox 26 949 67 986; x_wconf 90' lang='lat' dir='ltr'><strong>lum</strong></span> <span class='ocrx_word' id='word_1_91' title='bbox 77 949 134 986; x_wconf 84' lang='lat' dir='ltr'><strong>officii</strong></span> <span class='ocrx_word' id='word_1_92' title='bbox 142 948 185 986; x_wconf 77' lang='lat' dir='ltr'><strong>&#39;non</strong></span> <span class='ocrx_word' id='word_1_93' title='bbox 193 948 285 997; x_wconf 77' lang='lat' dir='ltr'><strong>sigillabit</strong></span> <span class='ocrx_word' id='word_1_94' title='bbox 293 949 379 998; x_wconf 88' lang='lat' dir='ltr'><strong>aliquam</strong></span> <span class='ocrx_word' id='word_1_95' title='bbox 392 948 474 986; x_wconf 82' lang='lat' dir='ltr'><strong>litteram</strong></span> <span class='ocrx_word' id='word_1_96' title='bbox 485 948 559 997; x_wconf 73' lang='lat' dir='ltr'><strong>grutae,</strong></span> <span class='ocrx_word' id='word_1_97' title='bbox 568 948 650 998; x_wconf 82' lang='lat' dir='ltr'><strong>justitiae</strong></span> <span class='ocrx_word' id='word_1_98' title='bbox 661 949 694 986; x_wconf 82' lang='lat' dir='ltr'><strong>vel</strong></span> 
     </span>
     <span class='ocr_line' id='line_1_14' title="bbox 26 1017 700 1066; baseline 0 -12"><span class='ocrx_word' id='word_1_99' title='bbox 26 1017 141 1056; x_wconf 70' lang='lat' dir='ltr'><strong>obedientiae</strong></span> <span class='ocrx_word' id='word_1_100' title='bbox 154 1018 190 1055; x_wconf 90' lang='lat' dir='ltr'><strong>nisi</strong></span> <span class='ocrx_word' id='word_1_101' title='bbox 202 1028 316 1056; x_wconf 80' lang='lat' dir='ltr'><strong>concessam</strong></span> <span class='ocrx_word' id='word_1_102' title='bbox 331 1028 423 1066; x_wconf 84' lang='lat' dir='ltr'><strong>expresse</strong></span> <span class='ocrx_word' id='word_1_103' title='bbox 436 1028 471 1066; x_wconf 78' lang='lat' dir='ltr'><strong>per</strong></span> <span class='ocrx_word' id='word_1_104' title='bbox 483 1017 567 1066; x_wconf 87' lang='lat' dir='ltr'><strong>priorem</strong></span> <span class='ocrx_word' id='word_1_105' title='bbox 582 1018 700 1066; x_wconf 83' lang='lat' dir='ltr'><strong>generalem</strong></span> 
     </span>
     <span class='ocr_line' id='line_1_15' title="bbox 26 1083 693 1135; baseline 0 -12"><span class='ocrx_word' id='word_1_106' title='bbox 26 1091 45 1123; x_wconf 93' lang='lat' dir='ltr'><strong>et</strong></span> <span class='ocrx_word' id='word_1_107' title='bbox 55 1085 91 1124; x_wconf 92' lang='lat' dir='ltr'><strong>nisi</strong></span> <span class='ocrx_word' id='word_1_108' title='bbox 101 1086 193 1134; x_wconf 82' lang='lat' dir='ltr'><strong>scriptam</strong></span> <span class='ocrx_word' id='word_1_109' title='bbox 203 1087 232 1123; x_wconf 92' lang='lat' dir='ltr'><strong>vel</strong></span> <span class='ocrx_word' id='word_1_110' title='bbox 244 1083 341 1135; x_wconf 75' lang='lat' dir='ltr'><strong>signatam</strong></span> <span class='ocrx_word' id='word_1_111' title='bbox 354 1086 373 1123; x_wconf 91' lang='lat' dir='ltr'><strong>in</strong></span> <span class='ocrx_word' id='word_1_112' title='bbox 385 1086 448 1134; x_wconf 85' lang='lat' dir='ltr'><strong>aliqua</strong></span> <span class='ocrx_word' id='word_1_113' title='bbox 459 1085 489 1123; x_wconf 90' lang='lat' dir='ltr'><strong>sui</strong></span> <span class='ocrx_word' id='word_1_114' title='bbox 502 1090 556 1134; x_wconf 88' lang='lat' dir='ltr'><strong>parte</strong></span> <span class='ocrx_word' id='word_1_115' title='bbox 567 1096 600 1135; x_wconf 91' lang='lat' dir='ltr'><strong>per</strong></span> <span class='ocrx_word' id='word_1_116' title='bbox 612 1097 693 1124; x_wconf 86' lang='lat' dir='ltr'><strong>manum</strong></span> 
     </span>
     <span class='ocr_line' id='line_1_16' title="bbox 26 1153 701 1204; baseline 0 -12"><span class='ocrx_word' id='word_1_117' title='bbox 26 1154 71 1192; x_wconf 85' lang='lat' dir='ltr'><strong>dicti</strong></span> <span class='ocrx_word' id='word_1_118' title='bbox 81 1154 149 1203; x_wconf 93' lang='lat' dir='ltr'><strong>prioris</strong></span> <span class='ocrx_word' id='word_1_119' title='bbox 159 1155 263 1204; x_wconf 85' lang='lat' dir='ltr'><strong>generalis,</strong></span> <span class='ocrx_word' id='word_1_120' title='bbox 277 1166 312 1192; x_wconf 91' lang='lat' dir='ltr'><strong>nec</strong></span> <span class='ocrx_word' id='word_1_121' title='bbox 324 1154 404 1203; x_wconf 83' lang='lat' dir='ltr'><strong>sigillari</strong></span> <span class='ocrx_word' id='word_1_122' title='bbox 416 1155 472 1192; x_wconf 87' lang='lat' dir='ltr'><strong>laciet</strong></span> <span class='ocrx_word' id='word_1_123' title='bbox 486 1153 600 1203; x_wconf 83' lang='lat' dir='ltr'><strong>hujusmodi</strong></span> <span class='ocrx_word' id='word_1_124' title='bbox 612 1154 701 1198; x_wconf 52' lang='lat' dir='ltr'><strong>litteras*</strong></span> 
     </span>
     <span class='ocr_line' id='line_1_17' title="bbox 27 1221 695 1273; baseline -0.001 -12"><span class='ocrx_word' id='word_1_125' title='bbox 27 1234 62 1261; x_wconf 84' lang='lat' dir='ltr'><strong>nec</strong></span> <span class='ocrx_word' id='word_1_126' title='bbox 70 1223 155 1272; x_wconf 81' lang='lat' dir='ltr'><strong>aliquam</strong></span> <span class='ocrx_word' id='word_1_127' title='bbox 165 1223 221 1261; x_wconf 86' lang='lat' dir='ltr'><strong>aliam</strong></span> <span class='ocrx_word' id='word_1_128' title='bbox 232 1223 269 1261; x_wconf 92' lang='lat' dir='ltr'><strong>nisi</strong></span> <span class='ocrx_word' id='word_1_129' title='bbox 276 1223 319 1272; x_wconf 85' lang='lat' dir='ltr'><strong>ipso</strong></span> <span class='ocrx_word' id='word_1_130' title='bbox 329 1227 407 1260; x_wconf 89' lang='lat' dir='ltr'><strong>tenente</strong></span> <span class='ocrx_word' id='word_1_131' title='bbox 419 1223 505 1272; x_wconf 83' lang='lat' dir='ltr'><strong>sigillum</strong></span> <span class='ocrx_word' id='word_1_132' title='bbox 514 1222 543 1261; x_wconf 89' lang='lat' dir='ltr'><strong>vel</strong></span> <span class='ocrx_word' id='word_1_133' title='bbox 553 1228 648 1272; x_wconf 85' lang='lat' dir='ltr'><strong>praesente</strong></span> <span class='ocrx_word' id='word_1_134' title='bbox 657 1221 695 1273; x_wconf 86' lang='lat' dir='ltr'><strong>(et)</strong></span> 
     </span>
     <span class='ocr_line' id='line_1_18' title="bbox 26 1291 695 1341; baseline 0.001 -13"><span class='ocrx_word' id='word_1_135' title='bbox 26 1291 111 1330; x_wconf 83' lang='lat' dir='ltr'><strong>vidente.</strong></span> <span class='ocrx_word' id='word_1_136' title='bbox 121 1292 143 1329; x_wconf 85' lang='lat' dir='ltr'><strong>Et</strong></span> <span class='ocrx_word' id='word_1_137' title='bbox 155 1291 207 1329; x_wconf 92' lang='lat' dir='ltr'><strong>idem</strong></span> <span class='ocrx_word' id='word_1_138' title='bbox 219 1291 324 1340; x_wconf 82' lang='lat' dir='ltr'><strong>Intelligere</strong></span> <span class='ocrx_word' id='word_1_139' title='bbox 334 1292 428 1329; x_wconf 88' lang='lat' dir='ltr'><strong>volumus</strong></span> <span class='ocrx_word' id='word_1_140' title='bbox 440 1292 465 1329; x_wconf 90' lang='lat' dir='ltr'><strong>de</strong></span> <span class='ocrx_word' id='word_1_141' title='bbox 479 1291 577 1340; x_wconf 85' lang='lat' dir='ltr'><strong>prioribus</strong></span> <span class='ocrx_word' id='word_1_142' title='bbox 586 1292 695 1341; x_wconf 87' lang='lat' dir='ltr'><strong>provincia-</strong></span> 
     </span>
     <span class='ocr_line' id='line_1_19' title="bbox 27 1349 303 1399; baseline 0.004 -2"><span class='ocrx_word' id='word_1_143' title='bbox 27 1360 77 1399; x_wconf 88' lang='lat' dir='ltr'><strong>libus</strong></span> <span class='ocrx_word' id='word_1_144' title='bbox 89 1366 108 1398; x_wconf 93' lang='lat' dir='ltr'><strong>et</strong></span> <span class='ocrx_word' id='word_1_145' title='bbox 117 1360 176 1399; x_wconf 89' lang='lat' dir='ltr'><strong>sociis</strong></span> <span class='ocrx_word' id='word_1_146' title='bbox 188 1349 303 1398; x_wconf 87' lang='lat' dir='ltr'><strong>eorundem.</strong></span> 
     </span>
    </p>

    <p class='ocr_par' dir='ltr' id='par_1_7' title="bbox 27 1429 719 1960">
     <span class='ocr_line' id='line_1_20' title="bbox 53 1429 694 1478; baseline 0.002 -12"><span class='ocrx_word' id='word_1_147' title='bbox 53 1430 99 1467; x_wconf 87' lang='lat' dir='ltr'><strong>Item</strong></span> <span class='ocrx_word' id='word_1_148' title='bbox 115 1429 134 1467; x_wconf 88' lang='lat' dir='ltr'><strong>in</strong></span> <span class='ocrx_word' id='word_1_149' title='bbox 146 1429 229 1467; x_wconf 86' lang='lat' dir='ltr'><strong>Rubrica</strong></span> <span class='ocrx_word' id='word_1_150' title='bbox 242 1429 299 1467; x_wconf 83' lang='lat' dir='ltr'>XXXI</span> <span class='ocrx_word' id='word_1_151' title='bbox 311 1430 335 1467; x_wconf 91' lang='lat' dir='ltr'><strong>de</strong></span> <span class='ocrx_word' id='word_1_152' title='bbox 346 1429 441 1478; x_wconf 82' lang='lat' dir='ltr'><strong>apostatis</strong></span> <span class='ocrx_word' id='word_1_153' title='bbox 452 1429 533 1468; x_wconf 81' lang='lat' dir='ltr'><strong>addatur</strong></span> <span class='ocrx_word' id='word_1_154' title='bbox 548 1429 603 1478; x_wconf 89' lang='lat' dir='ltr'><strong>quod</strong></span> <span class='ocrx_word' id='word_1_155' title='bbox 614 1429 694 1467; x_wconf 85' lang='lat' dir='ltr'><strong>Manda-</strong></span> 
     </span>
     <span class='ocr_line' id='line_1_21' title="bbox 28 1497 695 1547; baseline 0 -11"><span class='ocrx_word' id='word_1_156' title='bbox 28 1510 72 1536; x_wconf 89' lang='lat' dir='ltr'><strong>mus</strong></span> <span class='ocrx_word' id='word_1_157' title='bbox 89 1497 183 1536; x_wconf 89' lang='lat' dir='ltr'><strong>omnibus</strong></span> <span class='ocrx_word' id='word_1_158' title='bbox 199 1498 297 1547; x_wconf 88' lang='lat' dir='ltr'><strong>prioribus</strong></span> <span class='ocrx_word' id='word_1_159' title='bbox 315 1498 472 1547; x_wconf 87' lang='lat' dir='ltr'><strong>provincialibus,</strong></span> <span class='ocrx_word' id='word_1_160' title='bbox 490 1498 589 1547; x_wconf 69' lang='lat' dir='ltr'><strong>pilaribus</strong></span> <span class='ocrx_word' id='word_1_161' title='bbox 600 1498 695 1536; x_wconf 86' lang='lat' dir='ltr'><strong>localibus</strong></span> 
     </span>
     <span class='ocr_line' id='line_1_22' title="bbox 27 1566 694 1616; baseline 0.001 -13"><span class='ocrx_word' id='word_1_162' title='bbox 27 1572 46 1604; x_wconf 86' lang='lat' dir='ltr'><strong>et</strong></span> <span class='ocrx_word' id='word_1_163' title='bbox 56 1566 131 1605; x_wconf 86' lang='lat' dir='ltr'><strong>vicariis</strong></span> <span class='ocrx_word' id='word_1_164' title='bbox 141 1572 276 1605; x_wconf 88' lang='lat' dir='ltr'><strong>conventuum</strong></span> <span class='ocrx_word' id='word_1_165' title='bbox 289 1567 343 1616; x_wconf 86' lang='lat' dir='ltr'><strong>quod</strong></span> <span class='ocrx_word' id='word_1_166' title='bbox 355 1578 424 1605; x_wconf 87' lang='lat' dir='ltr'><strong>omnes</strong></span> <span class='ocrx_word' id='word_1_167' title='bbox 436 1572 536 1616; x_wconf 85' lang='lat' dir='ltr'><strong>apostatas</strong></span> <span class='ocrx_word' id='word_1_168' title='bbox 548 1566 609 1605; x_wconf 89' lang='lat' dir='ltr'><strong>nostri</strong></span> <span class='ocrx_word' id='word_1_169' title='bbox 618 1567 694 1606; x_wconf 86' lang='lat' dir='ltr'><strong>ordinis</strong></span> 
     </span>
     <span class='ocr_line' id='line_1_23' title="bbox 28 1635 694 1692; baseline 0.002 -20"><span class='ocrx_word' id='word_1_170' title='bbox 28 1640 121 1684; x_wconf 82' lang='lat' dir='ltr'><strong>vagantes</strong></span> <span class='ocrx_word' id='word_1_171' title='bbox 131 1646 164 1684; x_wconf 89' lang='lat' dir='ltr'><strong>per</strong></span> <span class='ocrx_word' id='word_1_172' title='bbox 176 1636 274 1674; x_wconf 91' lang='lat' dir='ltr'><strong>mundum</strong></span> <span class='ocrx_word' id='word_1_173' title='bbox 286 1640 331 1673; x_wconf 88' lang='lat' dir='ltr'><strong>cum</strong></span> <span class='ocrx_word' id='word_1_174' title='bbox 344 1636 411 1674; x_wconf 88' lang='lat' dir='ltr'><strong>babitu</strong></span> <span class='ocrx_word' id='word_1_175' title='bbox 426 1635 590 1692; x_wconf 79' lang='lat' dir='ltr'><strong>monachalinon</strong></span> <span class='ocrx_word' id='word_1_176' title='bbox 604 1640 694 1684; x_wconf 91' lang='lat' dir='ltr'><strong>potentes</strong></span> 
     </span>
     <span class='ocr_line' id='line_1_24' title="bbox 29 1704 696 1753; baseline 0.001 -12"><span class='ocrx_word' id='word_1_177' title='bbox 29 1710 138 1741; x_wconf 81' lang='lat' dir='ltr'><strong>monstrare</strong></span> <span class='ocrx_word' id='word_1_178' title='bbox 149 1704 234 1753; x_wconf 86' lang='lat' dir='ltr'><strong>legitime</strong></span> <span class='ocrx_word' id='word_1_179' title='bbox 251 1704 397 1742; x_wconf 85' lang='lat' dir='ltr'><strong>translationem</strong></span> <span class='ocrx_word' id='word_1_180' title='bbox 410 1704 440 1742; x_wconf 90' lang='lat' dir='ltr'><strong>sui</strong></span> <span class='ocrx_word' id='word_1_181' title='bbox 453 1708 523 1752; x_wconf 82' lang='lat' dir='ltr'><strong>sutus,</strong></span> <span class='ocrx_word' id='word_1_182' title='bbox 538 1704 616 1753; x_wconf 83' lang='lat' dir='ltr'><strong>capiant</strong></span> <span class='ocrx_word' id='word_1_183' title='bbox 627 1705 656 1742; x_wconf 93' lang='lat' dir='ltr'><strong>vel</strong></span> <span class='ocrx_word' id='word_1_184' title='bbox 669 1705 696 1741; x_wconf 84' lang='lat' dir='ltr'><strong>in-</strong></span> 
     </span>
     <span class='ocr_line' id='line_1_25' title="bbox 28 1772 696 1822; baseline 0 -12"><span class='ocrx_word' id='word_1_185' title='bbox 28 1773 79 1810; x_wconf 83' lang='lat' dir='ltr'><strong>ciant</strong></span> <span class='ocrx_word' id='word_1_186' title='bbox 90 1773 131 1821; x_wconf 89' lang='lat' dir='ltr'><strong>capi</strong></span> <span class='ocrx_word' id='word_1_187' title='bbox 143 1783 177 1821; x_wconf 86' lang='lat' dir='ltr'><strong>per</strong></span> <span class='ocrx_word' id='word_1_188' title='bbox 185 1772 258 1811; x_wconf 88' lang='lat' dir='ltr'><strong>curiam</strong></span> <span class='ocrx_word' id='word_1_189' title='bbox 271 1774 384 1811; x_wconf 83' lang='lat' dir='ltr'><strong>saecularem</strong></span> <span class='ocrx_word' id='word_1_190' title='bbox 393 1773 423 1810; x_wconf 91' lang='lat' dir='ltr'><strong>vel</strong></span> <span class='ocrx_word' id='word_1_191' title='bbox 433 1773 560 1822; x_wconf 82' lang='lat' dir='ltr'><strong>splrltualem,</strong></span> <span class='ocrx_word' id='word_1_192' title='bbox 573 1778 592 1811; x_wconf 90' lang='lat' dir='ltr'><strong>et</strong></span> <span class='ocrx_word' id='word_1_193' title='bbox 600 1773 620 1810; x_wconf 93' lang='lat' dir='ltr'><strong>in</strong></span> <span class='ocrx_word' id='word_1_194' title='bbox 632 1784 696 1811; x_wconf 87' lang='lat' dir='ltr'><strong>carce-</strong></span> 
     </span>
     <span class='ocr_line' id='line_1_26' title="bbox 29 1832 719 1891; baseline 0.001 -12"><span class='ocrx_word' id='word_1_195' title='bbox 29 1853 48 1879; x_wconf 92' lang='lat' dir='ltr'><strong>re</strong></span> <span class='ocrx_word' id='word_1_196' title='bbox 59 1842 114 1890; x_wconf 92' lang='lat' dir='ltr'><strong>ipsos</strong></span> <span class='ocrx_word' id='word_1_197' title='bbox 126 1842 232 1885; x_wconf 83' lang='lat' dir='ltr'><strong>recludant,</strong></span> <span class='ocrx_word' id='word_1_198' title='bbox 244 1853 280 1879; x_wconf 87' lang='lat' dir='ltr'><strong>nec</strong></span> <span class='ocrx_word' id='word_1_199' title='bbox 291 1842 335 1880; x_wconf 89' lang='lat' dir='ltr'><strong>Inde</strong></span> <span class='ocrx_word' id='word_1_200' title='bbox 347 1841 425 1890; x_wconf 89' lang='lat' dir='ltr'><strong>possint</strong></span> <span class='ocrx_word' id='word_1_201' title='bbox 434 1842 555 1887; x_wconf 83' lang='lat' dir='ltr'><strong>liberari,nIsi</strong></span> <span class='ocrx_word' id='word_1_202' title='bbox 568 1843 591 1880; x_wconf 86' lang='lat' dir='ltr'><strong>de</strong></span> <span class='ocrx_word' id='word_1_203' title='bbox 603 1853 695 1891; x_wconf 85' lang='lat' dir='ltr'><strong>expressa</strong></span> <span class='ocrx_word' id='word_1_204' title='bbox 717 1832 719 1835; x_wconf 34' lang='lat'>⁵</span> 
     </span>
     <span class='ocr_line' id='line_1_27' title="bbox 29 1910 301 1960; baseline 0.011 -13"><span class='ocrx_word' id='word_1_205' title='bbox 29 1910 104 1948; x_wconf 88' lang='lat' dir='ltr'><strong>licentia</strong></span> <span class='ocrx_word' id='word_1_206' title='bbox 117 1910 186 1959; x_wconf 91' lang='lat' dir='ltr'><strong>prioris</strong></span> <span class='ocrx_word' id='word_1_207' title='bbox 197 1910 301 1960; x_wconf 86' lang='lat' dir='ltr'><strong>generalis.</strong></span> 
     </span>
    </p>

    <p class='ocr_par' dir='ltr' id='par_1_8' title="bbox 29 1980 697 2305">
     <span class='ocr_line' id='line_1_28' title="bbox 54 1980 695 2029; baseline 0.003 -13"><span class='ocrx_word' id='word_1_208' title='bbox 54 1980 100 2017; x_wconf 91' lang='lat' dir='ltr'><strong>Item</strong></span> <span class='ocrx_word' id='word_1_209' title='bbox 113 1980 132 2016; x_wconf 92' lang='lat' dir='ltr'><strong>in</strong></span> <span class='ocrx_word' id='word_1_210' title='bbox 148 1980 223 2017; x_wconf 88' lang='lat' dir='ltr'><strong>eadem.</strong></span> <span class='ocrx_word' id='word_1_211' title='bbox 235 1980 309 2018; x_wconf 87' lang='lat' dir='ltr'><strong>rubrica</strong></span> <span class='ocrx_word' id='word_1_212' title='bbox 320 1981 345 2017; x_wconf 81' lang='lat' dir='ltr'><strong>de</strong></span> <span class='ocrx_word' id='word_1_213' title='bbox 365 1981 458 2029; x_wconf 83' lang='lat' dir='ltr'><strong>apostatis</strong></span> <span class='ocrx_word' id='word_1_214' title='bbox 477 1981 573 2019; x_wconf 83' lang='lat' dir='ltr'><strong>addatur:</strong></span> <span class='ocrx_word' id='word_1_215' title='bbox 584 1981 637 2029; x_wconf 86' lang='lat' dir='ltr'><strong>quod</strong></span> <span class='ocrx_word' id='word_1_216' title='bbox 649 1992 695 2018; x_wconf 89' lang='lat' dir='ltr'><strong>cum</strong></span> 
     </span>
     <span class='ocr_line' id='line_1_29' title="bbox 29 2046 696 2101; baseline 0.003 -16"><span class='ocrx_word' id='word_1_217' title='bbox 29 2047 85 2086; x_wconf 88' lang='lat' dir='ltr'><strong>multi</strong></span> <span class='ocrx_word' id='word_1_218' title='bbox 96 2049 164 2101; x_wconf 86' lang='lat' dir='ltr'><strong>tratres</strong></span> <span class='ocrx_word' id='word_1_219' title='bbox 172 2046 203 2100; x_wconf 86' lang='lat'><strong>(1)</strong></span> <span class='ocrx_word' id='word_1_220' title='bbox 217 2049 356 2089; x_wconf 86' lang='lat' dir='ltr'><strong>correctionem</strong></span> <span class='ocrx_word' id='word_1_221' title='bbox 369 2050 491 2099; x_wconf 89' lang='lat' dir='ltr'><strong>superiorum</strong></span> <span class='ocrx_word' id='word_1_222' title='bbox 502 2060 584 2088; x_wconf 89' lang='lat' dir='ltr'><strong>suorum</strong></span> <span class='ocrx_word' id='word_1_223' title='bbox 597 2050 696 2087; x_wconf 88' lang='lat' dir='ltr'><strong>immedia-</strong></span> 
     </span>
     <span class='ocr_line' id='line_1_30' title="bbox 30 2116 695 2167; baseline 0.005 -14"><span class='ocrx_word' id='word_1_224' title='bbox 30 2123 102 2160; x_wconf 75' lang='lat' dir='ltr'><strong>lorum,</strong></span> <span class='ocrx_word' id='word_1_225' title='bbox 123 2116 196 2155; x_wconf 89' lang='lat' dir='ltr'><strong>scilicet</strong></span> <span class='ocrx_word' id='word_1_226' title='bbox 212 2118 361 2165; x_wconf 86' lang='lat' dir='ltr'><strong>provincialium</strong></span> <span class='ocrx_word' id='word_1_227' title='bbox 385 2118 426 2156; x_wconf 91' lang='lat' dir='ltr'><strong>sive</strong></span> <span class='ocrx_word' id='word_1_228' title='bbox 444 2120 530 2167; x_wconf 92' lang='lat' dir='ltr'><strong>priorum</strong></span> <span class='ocrx_word' id='word_1_229' title='bbox 549 2118 639 2156; x_wconf 89' lang='lat' dir='ltr'><strong>localium</strong></span> <span class='ocrx_word' id='word_1_230' title='bbox 660 2129 695 2156; x_wconf 87' lang='lat' dir='ltr'><strong>seu</strong></span> 
     </span>
     <span class='ocr_line' id='line_1_31' title="bbox 30 2179 696 2241; baseline 0.002 -18"><span class='ocrx_word' id='word_1_231' title='bbox 30 2179 156 2234; x_wconf 86' lang='lat' dir='ltr'><strong>subpriorum</strong></span> <span class='ocrx_word' id='word_1_232' title='bbox 174 2186 337 2241; x_wconf 13' lang='lat' dir='ltr'><strong>antevicariorum</strong></span> <span class='ocrx_word' id='word_1_233' title='bbox 355 2191 426 2236; x_wconf 81' lang='lat' dir='ltr'><strong>petunt</strong></span> <span class='ocrx_word' id='word_1_234' title='bbox 444 2187 553 2234; x_wconf 82' lang='lat' dir='ltr'><strong>indiscrete,</strong></span> <span class='ocrx_word' id='word_1_235' title='bbox 573 2187 657 2235; x_wconf 88' lang='lat' dir='ltr'><strong>superbe</strong></span> <span class='ocrx_word' id='word_1_236' title='bbox 676 2187 696 2224; x_wconf 88' lang='lat' dir='ltr'><strong>irr</strong></span> 
     </span>
     <span class='ocr_line' id='line_1_32' title="bbox 30 2254 697 2305; baseline 0.003 -14"><span class='ocrx_word' id='word_1_237' title='bbox 30 2258 167 2303; x_wconf 88' lang='lat' dir='ltr'><strong>contemptum</strong></span> <span class='ocrx_word' id='word_1_238' title='bbox 179 2254 230 2293; x_wconf 88' lang='lat' dir='ltr'><strong>illius</strong></span> <span class='ocrx_word' id='word_1_239' title='bbox 247 2255 367 2294; x_wconf 74' lang='lat' dir='ltr'><strong>velillorum</strong></span> <span class='ocrx_word' id='word_1_240' title='bbox 380 2256 413 2305; x_wconf 88' lang='lat' dir='ltr'><strong>qui</strong></span> <span class='ocrx_word' id='word_1_241' title='bbox 429 2268 462 2294; x_wconf 92' lang='lat' dir='ltr'><strong>eos</strong></span> <span class='ocrx_word' id='word_1_242' title='bbox 477 2257 574 2304; x_wconf 80' lang='lat' dir='ltr'><strong>corrIgere</strong></span> <span class='ocrx_word' id='word_1_243' title='bbox 588 2257 658 2294; x_wconf 89' lang='lat' dir='ltr'><strong>volunt</strong></span> <span class='ocrx_word' id='word_1_244' title='bbox 677 2262 697 2294; x_wconf 91' lang='lat' dir='ltr'><strong>et</strong></span> 
     </span>
    </p>
   </div>
   <div class='ocr_carea' id='block_1_5' title="bbox 52 2402 525 2451">
    <p class='ocr_par' dir='ltr' id='par_1_9' title="bbox 52 2402 525 2451">
     <span class='ocr_line' id='line_1_33' title="bbox 52 2402 525 2451; baseline 0.002 -12"><span class='ocrx_word' id='word_1_245' title='bbox 52 2407 81 2449; x_wconf 82' lang='grc' dir='ltr'><strong>(ι)</strong></span> <span class='ocrx_word' id='word_1_246' title='bbox 90 2406 151 2440; x_wconf 80' lang='lat' dir='ltr'><strong>Adde:</strong></span> <span class='ocrx_word' id='word_1_247' title='bbox 161 2414 297 2440; x_wconf 85' lang='lat' dir='ltr'><strong>contemnentes</strong></span> <span class='ocrx_word' id='word_1_248' title='bbox 306 2406 334 2440; x_wconf 88' lang='lat' dir='ltr'><strong>vel</strong></span> <span class='ocrx_word' id='word_1_249' title='bbox 343 2406 412 2451; x_wconf 82' lang='lat' dir='ltr'><strong>aliquid</strong></span> <span class='ocrx_word' id='word_1_250' title='bbox 421 2407 485 2440; x_wconf 88' lang='lat' dir='ltr'><strong>simile.</strong></span> <span class='ocrx_word' id='word_1_251' title='bbox 519 2402 525 2428; x_wconf 68' lang='lat'><strong>,¹</strong></span> 
     </span>
    </p>
   </div>
   <div class='ocr_carea' id='block_1_6' title="bbox 0 0 830 2703">
    <p class='ocr_par' dir='ltr' id='par_1_10' title="bbox 0 0 830 2703">
     <span class='ocr_line' id='line_1_34' title="bbox 0 0 830 2703; baseline 0 0"><span class='ocrx_word' id='word_1_252' title='bbox 0 0 830 2703; x_wconf 95' lang='lat' dir='ltr'><strong> </strong></span> 
     </span>
    </p>
   </div>
  </div>
 </body>
</html>
