1631 2703
293 136 298 162 ς
315 123 394 153 nuaarca
407 124 438 152 ruv
686 125 714 166 49

40 200 77 238 alio
90 198 156 237 studio
168 202 290 246 occupentur
304 196 353 248 (Fol.
371 200 413 247 15a)
425 209 459 247 per
470 210 625 248 quemcumque.
639 198 713 238 Priores

40 274 106 308 autem
124 267 144 305 in
156 267 193 305 hoc
205 267 327 316 negligentes
342 279 376 317 per
394 272 470 317 septem
488 267 528 306 dies
541 279 600 317 poena
617 268 714 317 gravioris

40 339 102 387 culpae
114 335 228 386 puniantur.

70 404 99 444 16.
110 406 235 454 Quicumque
247 405 348 444 intraverit
358 406 447 444 ordinem
458 407 519 444 laicus
527 418 563 444 nec
570 407 635 444 literas
644 407 712 451 discat,

41 488 75 514 nec
85 475 156 513 librum
172 474 195 521 ad
211 474 312 524 proprium
325 486 384 513 usum
402 479 473 525 portet,
489 487 525 514 nec
537 480 660 521 tonsuretur,
676 476 713 514 nisi

41 557 74 595 per
86 544 171 593 priorem
190 545 301 593 generalem
319 556 365 582 cum
383 545 449 594 aliquo
468 544 547 594 quiad
561 546 598 583 hoc
613 545 714 583 sufficiens

41 614 104 659 fuerit,
118 614 249 663 dispensetur.
271 624 300 662 17.
320 615 367 652 ltem
381 614 449 653 novitii
465 615 544 664 secretis
557 614 635 665 capituli
649 615 714 665 euius3

41 694 125 732 cumque
138 694 178 721 non
195 683 293 729 intersint,
311 688 330 721 et
347 683 421 733 priores
436 683 520 737 discrete
533 684 651 732 sehabeant
668 695 714 734 erga

42 752 126 791 novitios
138 756 177 790 tarn
187 752 206 790 in
225 752 347 801 poenitentiis
363 753 497 802 injungendis,
513 765 573 803 quam
584 753 606 803 in
613 754 666 808 *alii-s,
679 764 715 803 nee

41 821 155 872 permittant
169 833 203 860 eos
225 822 317 872 redargui>
333 822 357 860 ab
374 822 440 871 aliquo
457 822 494 860 nisi
514 835 524 859 a
540 821 649 873 magistris
663 834 714 872 quos

41 902 118 940 semper
129 891 213 929 habeant
225 892 262 929 sibi
274 892 298 929 ad
310 891 470 930 informationem
480 892 593 942 specialiter·
601 892 713 941 deputatos;

41 961 74 1009 qul
92 960 108 998 si
128 960 252 1010 negligentes
270 960 343 997 fuerint
364 971 410 1009 erga
432 960 521 1009 ipsorum
545 960 713 1011 informationem,

42 1041 99 1079 poena
111 1029 176 1079 gravis
185 1030 248 1078 culpae
260 1041 294 1078 per
310 1029 375 1068 Vdies
387 1030 501 1078 puniantur.
516 1019 550 1080 j18.
559 1030 607 1067 ltem
615 1030 715 1086 ‘quilleno-3

41 1098 87 1137 vitio
95 1099 183 1137 tradatur
194 1098 281 1137 officium
293 1099 363 1138 nisiex
375 1110 447 1149 magna
459 1099 580 1151 necessitate.
594 1088 715 1151 *rot-'Siquis

42 1154 128 1207 novitius
140 1168 207 1207 exierit
222 1169 245 1206 de
257 1174 324 1207 nostra
334 1158 429 1217 religione
440 1173 460 1206 et
471 1168 554 1213 redierit,
569 1168 715 1221 reincipiatnan-

42 1247 89 1277 num
102 1238 223 1287 probationis
233 1243 253 1276 et
260 1238 364 1287 compleat,
378 1237 415 1276 nisi
427 1238 443 1287 ei
453 1237 572 1290 renuntianti
582 1237 670 1290 jurisuo¹
680 1249 715 1279 su-

41 1319 74 1356 per
87 1308 125 1346 hoc
145 1317 156 1346 a
173 1293 237 1358 priore
252 1308 337 1358 generali
350 1295 508 1356 velprovinciali
520 1292 714 1359 vhujusmodi,grania

41 1377 203 1424 concedatur,ut
215 1378 315 1416 residuum
331 1389 406 1416 annum
421 1377 441 1414 in
454 1376 550 1427 novitiatu
562 1377 661 1427 complere
671 1381 715 1428 tari.-

41 1447 146 1485 tummodo
156 1451 250 1486 teneatur.
262 1458 294 1485 20.
307 1447 405 1486 Volumus
414 1446 472 1496 etiam
482 1447 536 1496 quod
546 1448 614 1485 nullus
626 1434 714 1496 novitius

41 1515 64 1553 ab
78 1516 146 1554 ordine
161 1516 248 1554 recedere
263 1516 393 1565 permittatur,
413 1515 450 1554 nisi
466 1507 529 1564 capite
543 1526 594 1561 raso,
610 1515 647 1554 nisi
664 1516 715 1553 forte

41 1585 86 1624 alias
97 1586 223 1624 consueverit
233 1590 310 1636 portare
319 1591 422 1625 tonsuram
436 1575 552 1635 regularem,
566 1595 585 1624 et
599 1586 637 1624 hoc
649 1585 668 1623 in
681 1585 715 1623 ha-

40 1654 83 1693 bitu
94 1656 188 1697 saeculari.
620 1652 622 1654 ’

150 1773 212 1811 Ruan.
226 1773 274 1811 XlV.
288 1774 316 1810 De
328 1783 453 1812 PROFESSIONE
468 1783 600 1812 aeceeronun.
626 1810 628 1814 ,
687 1771 689 1775 ’
708 1770 709 1774 ’

40 1893 42 1895 ’
69 1875 87 1928 r.
100 1890 152 1928 Ante
161 1894 242 1939 tempus
255 1889 385 1939 professionis
397 1890 484 1928 novitius
496 1889 596 1927 humiliter
611 1881 716 1938 professio·

38 1958 87 1997 nem
99 1971 156 1999 suarn
172 1965 224 2010 petat
241 1960 305 1999 tribus
323 1960 400 1998 vicibus
411 1972 428 2016 a
444 1964 543 1998 conventu
561 1964 581 1997 et
596 1971 606 1996 a
624 1958 715 1997 fratribus

42 2027 148 2077 sigillatim.
161 2041 181 2069 2.
195 2029 304 2068 Statuimus
316 2034 335 2067 et
344 2041 378 2079 per
388 2034 477 2067 sanctam
489 2029 621 2067 obedientiam
635 2019 715 2065 manda-

42 2109 87 2136 mus
98 2099 238 2148 praecipiendo,
252 2100 306 2148 quod
318 2099 342 2136 de
355 2110 483 2148 quocumque
496 2098 571 2137 novitio
584 2098 715 2147 professando

42 2178 74 2215 per
84 2170 95 2206 8
107 2170 137 2207 vel
156 2180 177 2218 15
196 2169 238 2207 dies
253 2173 360 2218 antequam
375 2169 441 2207 veniat
456 2169 498 2207 dies
513 2180 554 2207 suae
572 2167 710 2218 professionis,

42 2236 94 2283 prior
105 2238 171 2276 localis
186 2242 220 2276 aut
231 2237 353 2293 quicumque
365 2238 474 2287 praesidens
486 2237 590 2287 diligenter
598 2236 684 2285 inquirat
696 2241 715 2273 et

42 2304 134 2345 discutiat
145 2319 169 2345 an
184 2307 228 2345 talis
238 2307 324 2346 novitius
332 2307 387 2357 juxta
403 2309 486 2345 formam
501 2306 576 2345 ordinis
589 2294 716 2357 debeat-profi

42 2374 116 2415 fessari.
130 2378 152 2415 Et
163 2377 179 2415 si
191 2377 271 2425 quidam
286 2377 397 2415 inveniatur
408 2377 499 2414 inhabilis
512 2376 579 2422 statim
592 2375 680 2424 ejiciatur
691 2375 715 2415 ab

667 2498 676 2522 4
