1631 2703
255 110 324 139 aenea.
340 113 358 139 a.
372 111 391 138 o.
407 110 464 149 1345.
672 107 707 146 155

41 216 43 218 ,
69 184 115 221 ltem
128 183 242 222 ordinamus
252 185 305 233 quod
314 185 421 222 taxationes
430 182 503 221 ordinis
513 181 639 231 tanr‘capituli
649 192 709 231 gene-

43 251 87 290 ralis
98 260 156 300 quarn
169 252 298 300 capitulorum
306 252 463 302 provincialium,
477 253 525 290 fiant
536 252 555 289 in
564 251 649 293 florenis,
663 260 709 288 cum

43 320 106 370 grossi
115 320 196 358 minime
205 321 331 369 reperiantur,
342 326 361 358 et
370 333 438 359 eorum
449 307 533 370 pretium
545 319 678 358 communiter
685 318 710 355 sit

39 388 152 436 ·incertum;
171 390 258 427 volentes
275 390 327 438 quod
341 389 433 438 magister
450 388 542 439 Parysius
558 399 629 437 regens
641 387 711 424 habeat

39 458 93 495 -XXX
104 457 197 500 florenos,
210 469 295 506 quorum
312 458 432 496 florenorum
451 458 485 495 XV
504 458 567 495 solvat
577 461 634 494 totus
653 455 709 500 ordo,

43 525 131 564 residuos
143 526 177 563 XV
189 526 274 568 florenos
286 537 321 564 sua
342 514 445 575 provincia
453 525 490 562 sibi
511 525 585 563 solvat.v
602 523 710 561 Baebalario

42 594 132 643 Parysius
144 594 218 642 legenti
229 594 369 642 provideaturu
381 605 417 632 sua
426 593 525 642 provincia
534 593 554 630 in
564 593 616 630 XXX
622 591 708 629 florenis.

42 662 114 700 Riblico
125 647 191 716 autem
203 662 293 716 Pajrysius
305 663 378 711 legenti
390 662 515 711 provideatur
527 661 546 699 in
563 661 605 699 XVl
622 660 709 702 florenis,

39 743 128 780 vquorum
138 732 257 786 florenorum
270 733 305 770 Vlll
314 733 338 769 de
353 731 496 769 communitate
514 721 590 783 ordinis
600 731 709 771 solvantur,

43 806 62 838 et
73 800 103 837 alii
115 801 153 838 Vlll
165 800 188 837 de
200 811 235 839 sua
252 800 357 849 provincia.
371 800 455 838 Cuilibet
466 805 532 837 autent
550 797 658 836 baenatarto
671 808 711 834 non

43 866 114 916 legenti
125 868 234 907 Sententias
252 869 342 917 sequenti
354 869 418 906 scolas
438 868 528 917 Parysius'
551 867 676 916 providentur
687 866 711 903 de

42 937 184 975 communitate
196 949 236 976 suae
247 937 351 986 provinciae
363 937 382 974 in
394 937 422 974 Xll
432 936 510 974 florenis
519 945 556 985 pro
563 947 600 973 suo
612 935 709 977 vestiario,

42 1012 62 1042 et
74 1017 108 1053 pro
117 1005 260 1043 contributione
275 1013 385 1043 conventus
398 1002 548 1054 parysienstsltn
566 1004 600 1041 XV
622 1003 709 1046 florenis,

39 1074 60 1110 si
71 1074 200 1111 obedientiam
215 1085 274 1121 super
285 1074 322 1111 hoc
338 1073 426 1111 babuerit
443 1072 512 1121 prioris
531 1072 626 1120 generalis
638 1072 668 1109 vel
680 1072 711 1109 sui

43 1142 121 1190 capituli
134 1141 266 1190 provincialis.

70 1211 89 1248 ln
102 1210 197 1258 praedictis
208 1216 274 1248 autem
286 1210 418 1248 taxationibus
428 1221 468 1247 non
480 1209 601 1247 intendimus
614 1209 711 1247 includere

43 1289 139 1328 expensas
147 1290 195 1327 quas
206 1279 274 1316 facient
283 1278 369 1326 praedicti
381 1279 448 1316 fratres
458 1278 547 1328 Parysius
554 1277 652 1316 veniendo
661 1282 680 1315 et
687 1277 711 1316 ad

42 1358 89 1386 suas
102 1346 212 1395 provincias
225 1347 333 1384 redeundo.

38 1437 40 1440 -
68 1415 152 1453 Cuilibet
163 1420 228 1453 autem
241 1415 327 1453 studenti
339 1415 429 1465 Parysius
439 1415 564 1464 provideatur
578 1427 588 1452 a
600 1415 712 1452 communi-

41 1488 80 1521 tate
92 1494 133 1522 suae
143 1483 248 1532 provinciae
260 1495 295 1532 pro
310 1484 453 1521 contributione
467 1488 578 1522 conventus
593 1484 711 1533 parysiensis

43 1552 62 1589 in
77 1552 111 1590 XV
123 1551 209 1592 florenis,
223 1563 258 1600 pro
274 1551 364 1589 vestiario
376 1541 499 1590 autemsi'to
514 1552 638 1600 provideatur
655 1553 674 1589 in
687 1552 710 1589 Vl

41 1619 128 1665 florenis,
142 1611 191 1657 ultra
203 1631 299 1668 expensas
311 1631 360 1667 quas
371 1620 427 1657 ficiet
440 1620 530 1670 Pa'rysius
542 1621 639 1658 veniendo
653 1621 708 1658 etad

43 1699 99 1726 suam
110 1688 228 1739 provinciam
239 1688 346 1732 redeundo,
355 1688 391 1727 nisi
403 1688 426 1726 ad
437 1689 524 1737 proprias
534 1689 712 1738 expensascontin-

42 1762 97 1805 geret
105 1756 176 1806 ipsum
183 1757 302 1805 promoveri.

69 1824 163 1874 Magistro
175 1830 239 1868 autem
255 1825 330 1874 regenti
341 1826 361 1863 in
373 1826 462 1864 Romana
474 1826 530 1865 Curia
544 1838 554 1863 a
569 1826 711 1865 communitate

43 1893 117 1931 ordinis
129 1894 254 1942 provideatur
269 1894 288 1931 in
303 1894 337 1931 XV
348 1894 435 1932 florenis.
451 1894 498 1947 ltem
513 1895 623 1932 bachalario
637 1895 710 1933 ibidem

42 1961 115 2010 legenti
127 1955 146 1999 in
159 1962 175 2000 V
191 1962 278 2000 florenis.
297 1963 344 2000 ltem
358 1962 428 2011 legenti
445 1957 596 2011 philosophiam
606 1963 678 2001 ibidem
691 1964 710 2001 in

41 2030 104 2069 tribus
116 2030 204 2069 florenis.
468 2018 470 2021 ’

67 2099 188 2137 Procuratori
206 2104 271 2136 autern
288 2099 363 2137 ordinis
384 2100 403 2137 in
421 2100 456 2137 XV
468 2100 555 2138 florenis.
575 2100 623 2138 Aliis
642 2106 709 2139 autem

42 2163 147 2216 magistris,
161 2167 280 2212 bachelariis,
290 2168 369 2216 bitFol.
385 2168 491 2217 5ra)blicis,
511 2161 617 2208 lectoribus
629 2171 712 2220 legenti-

42 2236 80 2274 bus
97 2236 116 2273 in
127 2236 201 2274 studiis
222 2236 345 2285 generalibus
365 2238 460 2275 volumus
479 2238 532 2286 quod
556 2239 681 2287 provideatur
699 2252 710 2276 a

36 2297 184 2343 'communitate
195 2315 236 2343 suae
246 2305 351 2353 provinciae
358 2306 468 2344 secundum
478 2306 532 2355 quod
541 2306 588 2345 alias
597 2307 654 2345 fuerit
662 2320 710 2347 con-

42 2376 128 2413 suetum.
151 2373 262 2412 tectoribus
284 2374 366 2413 aliorum
386 2379 521 2414 conventuum
541 2388 563 2414 ae
582 2377 709 2416 studentibus
