1616 2703
106 72 144 111 272
369 63 514 101 nouornrrou'as

103 147 193 187 culariter
201 148 351 192 circumdatum,
363 148 382 186 in
396 159 436 197 quo
446 148 526 197 quidem
547 147 646 185 includere
666 158 701 185 eos
718 146 779 185 inten-

104 218 169 262 debat,
182 218 217 256 sed
226 217 340 267 priusquam
349 218 387 256 hoc
399 218 542 256 monasterium
551 221 691 255 consumasset
699 216 780 255 sustulit

104 299 150 326 eum
163 288 186 325 de
197 288 272 325 mundo
282 288 360 326 Deus...
371 288 450 326 Mortuo
460 287 524 337 primo
536 298 605 325 eorum
616 287 680 335 priore
690 286 780 325 videlicet

103 359 161 395 tratre
173 357 276 395 bertholdo
285 357 323 396 sub
332 357 429 407 regimine
438 357 495 408 cujus
507 356 636 406 quadraginta
647 355 737 405 quinque
745 368 780 393 an-

104 427 134 465 nis
145 432 282 466 manserant...
292 425 349 476 (r)».
359 427 384 464 Ea
394 427 453 464 verba
465 431 582 465 mutuantur
593 426 700 474 alohanne
708 426 733 463 de
741 426 780 463 Ve-

103 502 147 534 neta
156 494 187 547 (2)
199 501 218 534 et
225 501 339 545 repetuntur
348 508 358 533 a
366 496 455 544 Johanne
464 495 532 534 Grossi
546 494 693 547 (3)ceterisque
715 494 780 533 omni·

102 566 148 604 bus.
161 565 214 603 Nihil
223 566 276 603 aliud
286 565 310 603 de
322 565 341 603 S.
352 565 458 603 Bennoldo
470 565 573 614 cognitum
586 569 622 603 est.

130 635 212 683 Oportet
222 635 252 672 liic
263 635 328 683 aliqua
338 635 361 673 de
373 635 493 682 praelaudato
505 635 611 684 Aymerico
623 634 701 672 addere.
718 634 778 672 Paulo

103 704 283 742 minusclementer
295 715 355 753 quam
371 704 456 754 Cyrillus
472 704 496 741 de
508 704 552 753 ipso
575 704 648 753 judicat
667 703 778 742 Guilelmus

101 773 202 823 Tyrensis.
216 773 324 821 Postquam
339 773 392 810 enim
401 777 465 822 egerat
473 773 498 810 de
504 772 629 821 depositione
640 772 779 822 Radulpbipa-

101 843 190 880 triarchae
206 842 323 880 Antiocheni
332 842 366 894 (Α.
379 843 403 880 D.
417 843 539 892 1155-1141)
550 842 569 880 in
582 842 664 880 concilio
674 841 777 880 mensibus

102 912 209 951 Novembri
219 916 238 950 et
247 911 350 950 Decembri
358 913 381 950 Α.
390 912 413 950 t).
425 923 471 961 1141
483 912 579 950 celebrato
585 910 616 963 (4)
625 912 699 950 addidit
708 923 712 949 z
721 911 779 949 «Cle-

103 992 137 1020 rus
149 993 195 1019 vero
203 981 339 1019 Antiochenus
351 986 370 1019 et
382 982 468 1019 maxime
480 982 513 1030 qui
531 981 551 1019 111
563 981 687 1030 depositione
702 981 778 1019 domini

102 1051 200 1099 Radulphi
209 1052 380 1099 conspiraverunt,
394 1051 488 1089 instinctu
498 1056 517 1088 et
531 1050 661 1100 suggestione
684 1050 778 1100 principis

103 1125 121 1158 et
131 1121 271 1166 maximorum,
282 1126 303 1159 ut
313 1120 389 1165 dicitur,
401 1132 507 1159 munerum
516 1121 615 1170 elegerunt
626 1120 663 1159 sibi
670 1120 777 1169 quemdam
806 1151 807 1155 .

102 1190 190 1238 ejusdem
203 1188 289 1228 ecclesiae
296 1190 448 1235 subdiaconum,
458 1190 578 1229 Aimericum
589 1190 677 1235 nomine,
688 1190 778 1228 Lemovi-
806 1221 807 1224 ,

102 1270 182 1296 oensem
190 1259 275 1303 natione,
285 1259 387 1297 hominem
396 1259 471 1308 absque
480 1259 549 1297 litteris
557 1264 577 1297 et
582 1259 731 1297 conversatione
738 1270 777 1297 non

102 1328 149 1366 satis
159 1329 255 1373 honestae,
268 1339 328 1377 quem
339 1329 445 1378 praedictus
453 1329 547 1367 dominus
559 1329 674 1378 Radulpbus
681 1328 777 1367 arbitrans
806 1358 807 1361 η

101 1409 147 1435 eum
156 1396 193 1435 sibi
205 1397 285 1435 reddere
293 1397 429 1447 obligatiorem
442 1403 460 1436 et
469 1398 577 1436 fideliorem
590 1397 683 1447 amplius,
694 1398 778 1436 indeca-
805 1393 807 1436 ἶ

101 1477 148 1504 num
160 1467 249 1516 ejusdem
257 1467 343 1505 ecclesiae
353 1472 484 1516 promoverat,
495 1478 530 1516 spe
542 1469 653 1506 frustratus.
663 1467 713 1505 Nam
723 1468 747 1505 ab
755 1480 777 1505 ea

100 1536 131 1573 die
140 1547 186 1574 cum
199 1537 241 1584 ejus
253 1536 369 1574 adversariIs
379 1536 449 1575 dicitur
466 1537 591 1581 convenisse,
602 1541 621 1574 et
633 1537 652 1574 in
665 1537 777 1575 benefacto·
805 1584 806 1587 Ἴ

101 1605 127 1643 ris
136 1604 174 1650 sui,
188 1605 287 1644 fidelitatis
299 1605 412 1650 immemor,
426 1606 550 1655 conspirasse
558 1605 776 1655 depositionemQrod

100 1679 166 1713 autem
178 1675 202 1713 de
216 1675 259 1724 ejus
274 1676 479 1724 promotionefactum
490 1680 526 1720 est,
537 1676 606 1713 Petrus
616 1674 696 1724 quidam
703 1687 776 1725 cogno·

100 1744 154 1781 mine
165 1744 282 1790 Armoinus,
298 1744 388 1794 ejusdem
399 1744 481 1783 civitatis
493 1745 619 1792 castellanus,
635 1745 711 1783 artibus
734 1745 776 1783 suis
804 1748 807 1781 t

98 1892 124 1932 sa)
134 1891 156 1923 ad
165 1889 217 1933 eujus
227 1890 299 1923 laudem
309 1898 326 1924 et
334 1890 410 1934 gloriam
421 1891 472 1924 Ordo
483 1891 520 1934 ipse
529 1890 547 1924 111
555 1891 680 1925 transmarinis
692 1891 774 1935 partibus

100 1949 159 1982 extitit
168 1949 270 1992 specialiter
280 1948 379 1982 institutus.
389 1962 396 1980 1
406 1950 479 1993 Rymer,
487 1949 570 1990 Foedera,
580 1958 593 1983 t.
601 1951 624 1983 ll.
635 1951 656 1983 P.
667 1961 706 1983 221.
716 1950 775 1983 Bulla·

100 2007 155 2045 rium.
164 2015 177 2040 1.
188 2007 202 2039 Ι.
214 2008 233 2040 P.
243 2007 284 2051 607.
804 1996 806 2003 λ

122 2069 143 2107 (1)
155 2065 227 2109 Specul.
237 2066 315 2099 Carmel.
323 2067 337 2100 l.
345 2067 373 2110 75.
382 2077 400 2099 n.
411 2066 450 2099 300.

122 2125 144 2165 (1)
158 2125 204 2157 ibid.
219 2125 238 2157 P.
250 2125 289 2163 203,
300 2136 318 2157 n.
328 2126 368 2168 877.

121 2182 145 2224 (3)
155 2183 200 2215 lbid.
212 2183 232 2216 P.
245 2183 282 2223 133.
291 2194 309 2216 n.
319 2184 358 2217 561.

120 2241 142 2284 (4)
160 2240 252 2274 Reinhold
278 2241 385 2281 Roehricht,
416 2244 491 2286 Regesta
517 2242 575 2286 Regni
601 2242 773 2287 Hierosolymitani,
804 2248 806 2291 J

98 2298 195 2342 OEniponti
209 2299 259 2343 1899.
271 2300 291 2333 P.
308 2300 365 2341 5ο,11.
385 2301 425 2334 203.
445 2301 498 2334 Errat
513 2302 774 2343 Lezana(lV,25)asseren-
804 2308 807 2353 γξ

97 2357 121 2401 do
129 2357 246 2401 ilymericurn
255 2369 304 2392 anno
312 2359 355 2402 1137
362 2359 380 2392 in
390 2358 513 2402 patriarcham
522 2366 635 2403 assumptum
641 2358 702 2394 fuisse.
804 2353 807 2365 ²
