1631 2703
60 106 124 165 aaa
126 109 717 172 atatamvaaaaattaatttaaaaata

75 235 122 273 lsTAE
131 247 180 275 SUNT
188 247 350 277 CONSTlTUTlONES
363 250 423 277 EDlTAE
431 250 449 278 ΙΝ
462 250 554 279 CAPITULO
560 226 657 280 Genauam
664 252 719 279 CELE-

48 314 110 341 nnano
122 305 240 344 Buaoeuaus
252 317 270 344 iv
279 307 396 345 Narrvraam
414 319 482 348 bearn
497 297 567 369 Maniae
577 310 635 367 Anno
647 308 717 358 Domui

48 373 173 412 MCCCLVlll.
181 376 212 426 (r)

73 491 91 528 ln
101 491 168 539 primis
178 503 293 530 revocamus
305 504 374 531 omnes
388 493 460 542 gratias
469 489 529 531 factas
542 489 668 543 pei'priorem
681 507 715 544 ge-

49 561 133 597 neralem
151 561 180 598 vel
191 572 224 609 per
240 554 498 611 quodcumquecapitulum
514 550 604 612 generale
618 555 715 618 usquead

49 629 102 666 istud
116 629 230 678 capitulum,
244 631 274 668 vel
287 642 320 679 per
337 625 484 680 quemcumdue
501 628 596 669 vicarium
607 620 714 687 seu-alium

47 698 176 747 superiorem.
187 699 287 744 Nolentes,
300 700 353 749 quod
365 697 439 749 priores
451 700 579 750 provinciales
587 700 623 739 seu
634 687 715 750 *quilibet

48 768 111 806 vicarii
119 756 151 806 'vel
159 769 268 818 superiores
278 769 355 818 possint
364 770 468 807 concedere
481 770 576 808 licentiam
587 781 621 808 seu
631 753 714 818 gradum

47 837 103 875 alicui
127 838 185 882 tratri,
204 839 257 887 quod
273 851 313 877 non
325 839 415 877 intersint
431 839 452 877 in
465 839 534 877 officiis
548 839 622 877 diurnis
634 838 668 877 aut
680 848 716 877 no·-

47 907 122 944 cturnis
133 907 153 944 in
166 908 238 955 choro;
256 908 342 957 exceptis
351 908 452 946 dumtaxat
464 908 563 957 magistris
576 908 595 945 in
607 905 712 957 theologia

46 976 165 1021 bacbalariis,
176 977 251 1015 biblicis
261 977 354 1015 ordinatis
366 977 389 1014 ad
399 977 503 1025 legendum
513 977 629 1021 sententias,
639 978 714 1015 lectori-

46 1045 83 1082 bus
96 1050 139 1083 actu
156 1046 272 1094 legentibus,
294 1046 408 1090 scolaribus,
430 1046 563 1090 studentibus,
586 1045 676 1084 tratribus
692 1046 711 1083 in

46 1114 151 1161 crastinum
167 1115 305 1168 praedicaturis,
324 1115 353 1152 vel
366 1114 399 1163 qui
416 1100 501 1163 aliquem
518 1126 612 1163 magnum
625 1112 710 1152 laborem

45 1183 69 1219 de
81 1183 170 1230 proximo
180 1183 306 1230 exercuerint,
322 1195 357 1220 nec
375 1195 414 1220 non
431 1183 520 1220 iratribus
532 1182 615 1220 infirmis
625 1188 644 1242 et
661 1183 711 1220 anti-

46 1252 120 1300 quitate
129 1257 170 1289 tant
171 1264 181 1289 a
193 1253 255 1301 plenis
268 1253 321 1300 quod
333 1264 409 1301 usque
405 1253 428 1289 ad
441 1252 584 1301 sexagesimum
595 1263 669 1289 annum
682 1253 711 1289 vel

46 1322 74 1359 ult
67 1327 95 1358 tra
109 1334 118 1358 a
120 1321 214 1370 ttigerint.

71 1390 110 1427 Nec
122 1390 191 1439 aliquis
201 1391 324 1439 superiorum
336 1391 385 1438 (Fol.
397 1389 441 1441 57a)
450 1390 587 1439 praedictorum
597 1390 659 1428 valeat
665 1400 711 1427 con·
746 1408 751 1417 ·

45 1459 111 1496 cedere
120 1459 211 1497 fratribus
224 1460 296 1497 litteras
308 1459 391 1497 intrandi
406 1456 470 1497 villam
486 1459 528 1496 sine
539 1458 588 1496 scitu
604 1458 672 1507 prioris
684 1459 712 1496 lo-

45 1528 91 1565 calis
101 1528 186 1576 exceptis
199 1528 304 1576 magistris,
317 1528 438 1572 bacbalariis,
455 1527 536 1570 biblicis‚
553 1526 658 1564 lectoribus
667 1531 711 1563 actu

45 1596 163 1644 legentibus.
583 1647 587 1651 ¹

71 1665 115 1701 ltem
126 1665 180 1713 quod
192 1664 318 1714 provinciales
327 1665 350 1702 ad
359 1664 425 1701 minus
437 1649 504 1711 quater
517 1663 536 1700 ln
549 1662 658 1711 septimana
675 1674 708 1700 co-

45 1734 124 1771 medant
133 1734 152 1771 in
165 1725 272 1778 refectorio,
284 1739 302 1771 et
320 1733 393 1782 priores
405 1727 543 1770 conventuales
553 1718 666 1780 regulariter
677 1743 709 1769 co-

45 1802 125 1840 medant
136 1802 216 1840 ibidem.

70 1871 92 1908 Et
110 1882 223 1924 revocamus
242 1871 402 1920 constitutionem
423 1871 442 1907 in
457 1870 541 1925 capitulo
558 1857 667 1917 Perpinia'm
683 1870 711 1905 ta-

44 1945 93 1977 ctam
104 1939 134 1992 (2)
143 1941 162 1978 in
172 1952 209 1989 qua
218 1924 300 1978 dictami
313 1940 404 1978 Volumus
416 1933 552 1992 etordinarraus
564 1938 599 1975 &c
611 1930 711 1975 et'consti-

42 2010 92 2047 tutio
108 2009 200 2048 lvletensis
211 2011 242 2058 (3)
250 2009 334 2047 totaliter
346 2009 466 2054 observetur,
485 2007 504 2044 in
516 2003 553 2055 qua
567 2006 636 2044 dicitur
656 2006 710 2053 quod

64 2140 92 2182 (t)
108 2139 141 2172 Die
154 2140 164 2172 8
177 2139 294 2181 Septembris,
310 2139 333 2171 ob
343 2137 412 2170 obitum
424 2137 492 2169 Fratris
509 2135 558 2168 Petri
574 2134 672 2176 Raimundi
685 2134 709 2166 :de

43 2192 114 2232 (nassa,
124 2192 155 2235 qui
165 2192 183 2224 in
191 2193 253 2225 lllome
261 2191 367 2228 Pessulano,
375 2190 403 2222 die
413 2200 434 2221 22
445 2187 555 2221 Novembris
562 2188 583 2220 A.
595 2188 616 2219 D.
630 2187 671 2228 1357
678 2187 709 2218 de-

42 2243 114 2277 functus
127 2253 159 2278 est.
169 2246 189 2277 In
199 2245 234 2277 hoc
243 2244 322 2286 capitulo
334 2244 412 2276 loannes
431 2240 541 2280 balistarius,
552 2246 661 2275 econventu
672 2238 709 2270 Mu-

42 2295 145 2338 joricmum,
154 2296 250 2339 provinciae
258 2294 364 2337 Cataloniae,
377 2294 444 2326 electus
451 2299 478 2325 est
484 2290 587 2323 Generattss

66 2347 95 2389 (2)
104 2349 162 2391 Supra
173 2349 192 2381 Ρ.
204 2348 241 2391 173.

68 2400 96 2442 (3)
106 2400 164 2443 Supra
176 2401 195 2434 P.
204 2401 241 2441 164.
