1616 2703
272 118 357 147 PRIORUM
363 118 490 149 ,GENERALIUM
679 119 721 160 259
747 138 749 140 .

44 192 104 242 patria
115 192 251 237 Normannus,
264 193 355 232 dioecesis
363 192 529 240 Constantiensis,
537 198 650 245 conventus
656 194 719 237 Cado·v

44 262 125 306 mensis,
139 262 208 300 doctor
219 262 340 308 Parisiensis
354 262 477 312 provincialis
489 263 580 310 Franciae‚
594 268 613 300 et
625 263 719 311 magister

44 331 124 369 Ordinis
135 331 232 380 generalis
241 333 315 370 electus
326 333 379 381 apud
391 332 511 370 Avinionem
524 332 543 369 in
563 332 648 381 capitulo
660 344 720 381 genef

45 400 78 438 rali
90 401 114 438 A.
125 401 148 439 D.
165 411 211 450 1451
226 401 246 439 in
265 403 316 440 festo
335 401 433 440 Omnium
456 401 573 440 Sanctorum
588 402 719 441 clamantibus

44 470 128 519 singulis
137 470 202 509 virum
215 481 259 509 esse
267 471 333 510 officio
345 471 493 521 dignissimum.
503 471 540 509 lste
549 471 587 509 sub
599 471 647 509 mira
660 473 720 510 resor-

45 539 131 577 matione
145 538 230 579 visitavit
239 541 328 589 singulas
348 540 467 589 provincias.
488 540 611 578 Franciscam
629 540 720 580 Britaniae

44 607 142 647 ducissam
155 609 227 659 recepit
237 609 261 649 A.
274 610 298 648 D.
314 607 371 660 1467.
383 609 530 648 Cardinalitlum
542 610 614 649 renuit.
634 610 720 649 Canoni-

43 678 82 716 zari
93 678 137 717 iecit
148 679 252 718 Albesium
262 680 287 717 de
296 680 387 728 Drepano
397 685 416 717 et
426 680 525 729 Angelum
534 680 558 717 de
567 679 718 730 Hierosolymis.

44 748 188 787 Praedicationis
200 749 261 798 gratia
273 753 292 787 et
304 749 349 788 vitae
358 749 461 788 sanctitate
471 749 546 787 multos
556 749 580 787 ab
589 760 654 787 errore
664 760 720 796 revo-

44 816 101 856 cavit.
112 817 271 857 Citramontanas
281 829 360 857 sorores
371 818 463 856 instituit.
476 818 558 867 Scripsit
570 830 629 867 super
638 818 721 857 Senten-

44 887 88 933 tias‚
98 887 119 924 in
131 887 212 926 Ordinis
226 900 323 927 canonem
342 888 382 927 duo
402 888 551 930 commentaria,
568 888 720 926 constitutiones

44 967 132 1006 quoque,
146 957 219 996 Contra
231 958 337 1001 adulteros,
346 963 525 1007 atquesermones.
545 957 603 995 Rexit
625 956 719 995 Ordinem

44 1027 101 1064 annis
113 1026 181 1064 decem
196 1032 215 1065 et
225 1038 306 1073 novem,
319 1027 423 1065 mensibus
436 1026 507 1071 tribus,
516 1027 584 1064 diebus
601 1026 721 1074 quatuorde-

45 1094 90 1133 cim.
98 1095 121 1132 Et
132 1095 181 1133 obiit
193 1096 306 1145 Andegavis
318 1096 343 1134 A.
356 1096 380 1133 D.
397 1107 453 1145 1471,
468 1107 492 1144 25
506 1095 584 1142 dleJulii
592 1095 690 1146 miraculis
702 1100 721 1133 et

45 1164 146 1202 sanctitate
154 1165 282 1204 clarissimus.
291 1163 322 1215 (1)

72 1230 104 1271 26.
117 1233 421 1283 ChristoplrorusMartignonus
433 1233 457 1270 de
474 1233 543 1276 Brixia,
566 1232 645 1270 natione
662 1233 720 1271 Lum-

45 1303 125 1358 bardus‚
139 1303 208 1341 doctor
217 1315 277 1341 sacrae
289 1303 366 1353 paginae
384 1308 403 1341 et
411 1302 462 1350 luris
481 1302 576 1348 canonici,
595 1302 720 1351 provincialis

43 1371 107 1410 Terrae
118 1372 201 1417 Sanctae,
215 1373 330 1422 praedicator
342 1372 434 1422 egregius
443 1376 462 1409 et
470 1376 585 1420 procurator
607 1371 688 1410 Ordinis
699 1371 719 1409 in

44 1441 132 1480 Romana
144 1441 203 1488 curia,
216 1455 227 1480 a
239 1441 293 1481 Sixto
305 1443 355 1491 Papa
366 1441 391 1480 lV
399 1441 502 1480 institutus
515 1441 552 1480 luit
563 1440 645 1479 vicarius
659 1452 721 1491 gene-

45 1511 89 1549 ralis
98 1515 144 1560 post
152 1511 258 1550 transitum
270 1511 309 1549 divi
321 1511 382 1560 patris
391 1510 467 1549 Soreth.
478 1510 522 1549 Fuit
540 1510 593 1548 enim
603 1509 633 1548 vir
653 1521 721 1559 proce-

46 1580 91 1618 riori
101 1581 171 1625 sorma,
185 1592 233 1619 naso
243 1580 337 1630 aquilino,
351 1580 405 1618 Sixto
415 1579 502 1629 pontifici
515 1580 601 1618 multum
611 1579 719 1617 familiaris.

46 1648 70 1685 Α.
84 1648 107 1687 D.
124 1649 200 1698 1472in
209 1650 295 1698 capitulo
307 1648 388 1687 Astensi
399 1646 439 1699 (vel
457 1648 599 1713 Astapanensi)
619 1648 721 1686 Generalis

45 1717 127 1757 efficitur
138 1718 186 1757 Sixti
198 1719 319 1757 auctoritate.
338 1719 422 1756 Multum
435 1717 504 1756 Ordini
525 1717 598 1767 profuit
618 1717 721 1767 privilegia

45 1788 175 1835 procurando.
185 1788 229 1826 Erat
240 1799 321 1838 quoque
332 1787 378 1826 dicti
390 1787 489 1836 pontificis
501 1786 549 1825 Sixti
559 1787 635 1836 legatus
646 1787 671 1824 ad
677 1787 721 1825 Fre,-

46 1855 132 1895 dericum
145 1857 250 1896 Caesarem.
263 1857 299 1895 Hic
310 1856 415 1895 celebravit
426 1857 535 1905 capitulum
547 1857 639 1905 generale
653 1856 721 1905 Brixiaej

67 1987 96 2030 (ι)
104 1988 143 2022 MS.
155 1973 226 2032 bodley
235 1989 264 2032 73,
276 1987 307 2022 foi.
320 1999 364 2030 114a
372 1987 467 2031 sequentia
477 1988 545 2021 habet:
554 1987 610 2021 Aliud
619 1987 720 2035 capitulum

47 2045 145 2080 celebravit
152 2048 241 2081 Bruxellae
251 2048 300 2090 1452,
308 2047 340 2081 ubi
346 2054 397 2080 erant
407 2047 447 2090 plus
455 2058 509 2091 quam
520 2046 569 2080 mille
578 2046 649 2083 fratres.
656 2057 665 2079 a
673 2046 721 2090 prin-

46 2102 86 2147 cipe
95 2105 180 2149 Philippo
188 2105 342 2149 Burgundionum
349 2106 394 2138 duce
401 2113 419 2138 er
428 2106 451 2138 ab
465 2113 544 2149 utroque
558 2112 605 2139 statu
621 2098 721 2148 plurimum

46 2160 163 2204 honoratum,
170 2164 227 2209 fitque
234 2172 308 2208 propter
316 2164 437 2207 indulgentias
447 2164 536 2197 maximus
544 2164 607 2208 populi
614 2174 721 2205 concursus,

46 2219 65 2251 in
72 2221 130 2254 tribus
137 2234 210 2267 quoque
216 2224 262 2256 locis
271 2223 292 2256 fit
304 2223 391 2256 continua
400 2222 456 2255 Verbi
467 2223 499 2255 Dei
508 2223 609 2264 seminario,
617 2234 653 2255 una
669 2222 721 2255 alteri

48 2281 174 2315 succedenrea
185 2289 234 2315 sexta
246 2292 300 2315 mane
312 2292 370 2325 usque
383 2281 405 2314 ad
414 2281 529 2314 undecimam
542 2289 579 2314 eta
591 2280 651 2324 prima
663 2291 722 2325 usque

49 2340 70 2372 ad
79 2347 154 2375 sextam.
162 2342 183 2374 In
192 2341 228 2375 hoc
235 2340 315 2385 capitulo
325 2339 421 2375 renovavit
427 2346 492 2373 statuta
505 2338 665 2382 fecitquelibrum,
680 2346 723 2373 sunt

50 2398 103 2432 etiam
113 2399 174 2434 XXIV
180 2399 288 2443 provinclae.
