1616 2703
65 83 104 125 294
325 82 476 112 nouornrlouus

63 162 147 207 pserunt
158 163 178 198 et
186 157 355 208 fueruntsubjecti
362 157 414 197 dicto
424 156 546 196 monasterio
556 161 575 195 et
582 157 625 207 ejus
632 157 709 207 priori(
722 156 739 209 ).

63 228 109 266 Fere
129 229 199 266 eodem
217 232 308 276 tempore
324 239 364 276 quo
388 227 455 277 religio
471 227 508 266 ista
523 238 535 264 (1
551 227 633 276 incoepit
648 227 672 265 de
680 227 739 266 Terra

65 297 135 336 Sancta
147 298 172 335 ad
186 297 310 336 cis-marinas
325 302 390 347 partes
408 296 554 346 transplantari,
565 296 626 345 coepit
641 297 699 335 etiam
720 296 740 335 in

65 366 124 405 Terra
133 366 203 405 Sancta
214 366 318 414 eradicari;
333 371 413 415 propter
426 366 507 415 quidem
517 366 630 415 frequentes
646 366 740 405 incursus

66 447 117 485 quos
129 436 148 474 in
160 435 281 474 Christianos
293 435 381 473 Saraceni
393 439 412 473 et
421 434 525 473 Christiani
538 435 558 473 in
568 434 675 474 Saracenos
687 447 741 474 exer-

66 506 144 550 cebant,
154 505 214 554 aliqui
226 517 250 543 ex
262 504 353 543 fratribus
365 505 424 555 hujus
435 504 537 555 religionis
548 506 628 543 fuerunt
637 516 647 542 a
657 505 740 554 paganis

67 575 162 613 interfecti
171 576 191 613 in
209 575 335 613 monasteriis
344 585 465 620 eremorum,
479 578 498 611 et
510 573 596 612 maxime
608 574 627 612 in
637 579 739 613 monaste-
793 572 794 576 ’

67 644 100 683 1115
108 645 240 690 Quarantenae
252 649 272 682 et
280 644 351 683 Valini.
364 644 435 683 idcirco
445 643 533 693 oportuit
544 645 613 682 iratres
625 644 711 683 totaliter
722 645 743 682 il-

67 715 84 752 la
96 714 216 752 monasteria
225 714 315 752 deserere
323 713 369 762 quia
378 724 419 752 non
431 719 522 763 poterant
530 713 557 752 lbi
569 724 637 752 secure
646 713 740 758 habitare,

68 795 113 833 quae
125 783 255 833 postmodum
271 783 296 821 ab
311 783 425 822 infidelibus
437 783 517 833 penitus
528 783 592 822 diruta
610 784 664 822 suere
676 795 687 822 »
701 785 709 833 <
725 787 741 833 ).

68 854 117 892 Hinc
129 852 191 902 liquet
203 858 324 892 conventum
336 854 468 899 Qrarantenae
485 858 532 902 post
546 864 622 892 annum
635 864 684 892 1210
696 854 743 893 Car-

69 922 141 961 melitis
150 922 228 961 unitum
241 922 290 961 circa
302 934 378 961 annum
391 933 440 974 1237
453 923 576 961 destructum
589 923 656 962 luisse.

95 993 197 1032 Postremo
214 997 337 1031 memoratur
346 992 441 1031 Sanvicus
453 997 563 1031 conventus
575 992 645 1031 Valini.
659 993 741 1031 «11111-

70 1062 114 1101 dem
135 1061 235 1112 provincia
247 1063 267 1100 in
285 1063 364 1112 regione
381 1062 465 1101 Galilaeae
477 1062 501 1100 ad
521 1062 625 1101 duodecim
641 1063 706 1102 leucas
718 1063 742 1100 de

70 1133 137 1171 Monte
146 1132 230 1170 Carmeli
242 1137 310 1170 contra
321 1132 422 1170 Orientem
433 1136 463 1170 est
472 1143 551 1170 eremus
567 1132 598 1170 illa
610 1132 629 1170 in
642 1144 681 1181 qua
691 1132 744 1172 Chri-

70 1207 114 1240 stus
123 1203 237 1251 lrequenter
246 1202 363 1251 praedicavit,
372 1202 404 1240 ubi
412 1201 498 1251 praedicti
508 1201 592 1251 religiosi
599 1202 745 1241 aedificaverunt

71 1277 90 1310 et
102 1272 214 1310 habuerunt
226 1272 368 1311 monasterium
378 1271 408 1310 sui
418 1271 506 1317 Ordinis,
517 1271 571 1320 quod
580 1271 617 1310 suit
625 1272 745 1321 appellatum

71 1341 216 1381 monasterium
228 1341 291 1380 Valini
303 1341 340 1394 (3),
360 1342 405 1391 quia
420 1341 457 1379 fuit
476 1346 613 1380 constructum
631 1342 745 1391 sumptibus

71 1412 174 1462 cujusdam
193 1411 265 1450 nobilis
278 1411 313 1450 viri
325 1412 359 1460 qui
378 1411 479 1450 dicebatur
495 1411 608 1450 1111111115».
624 1411 669 1450 Non
684 1413 746 1462 liquet

71 1493 111 1530 quo
127 1481 208 1531 praecise
223 1482 266 1520 loco
288 1481 348 1520 situm
363 1481 432 1529 tuerit3
450 1486 548 1531 quantum
560 1492 606 1530 vero
621 1481 645 1519 ad
665 1486 746 1532 tempus

70 1551 191 1590 fundationis
203 1555 223 1589 et
232 1552 372 1591 destructionis
382 1551 450 1590 eadem
462 1552 529 1590 valent
541 1563 586 1601 quae
598 1562 657 1601 supra
669 1552 693 1590 de
702 1564 747 1591 con-

71 1626 132 1660 ventu
142 1622 272 1668 Quarantenae
285 1621 335 1661 dicta
347 1627 403 1661 sunt.

94 1733 122 1775 (1)
133 1732 205 1775 Specul.
216 1732 293 1766 Carmel.
302 1733 320 1771 ·l,
331 1733 358 1775 98,
366 1743 384 1766 n.
391 1743 432 1777 410.
445 1732 504 1766 Etiam
513 1732 543 1765 hic
552 1732 596 1766 dicit
605 1734 694 1767 Sanvicus
704 1733 746 1767 Car·

73 1790 143 1824 meritas
150 1790 249 1824 aedificasse
259 1799 276 1824 11
284 1790 369 1824 habuisse
376 1791 508 1824 monasterium
516 1802 520 1832 ;
530 1791 612 1825 fundatio
621 1802 664 1825 vero
673 1791 746 1826 videtur

72 1850 217 1893 independenter
223 1851 245 1883 ab
256 1850 281 1883 eis
291 1858 370 1893 peracta.
380 1850 421 1883 Nisi
430 1850 476 1884 sorte
483 1850 531 1883 dicas
542 1850 598 1894 pulsis
605 1862 636 1894 per
647 1852 747 1885 Saracenos

73 1908 167 1943 canonicis
180 1910 234 1948 (anno
249 1909 298 1950 1188)
315 1909 422 1943 Carmeliras
439 1918 480 1953 post
491 1920 560 1943 annum
576 1919 620 1943 1110
635 1918 746 1944 conventum

73 1967 179 2001 extruxisse.
188 1967 215 2002 Cf.
221 1968 306 2002 Histoire
312 1969 333 2002 de
342 1969 421 2009 r’0rdre,
435 1970 453 2002 Ρ.
464 1980 492 2013 ²9·

93 2028 122 2070 (1)
135 2027 234 2070 Speculum
244 2028 322 2062 Carmel.
335 2029 349 2067 l‚
360 2038 399 2070 104,
409 2039 427 2061 n.
436 2028 478 2071 446.

94 2086 123 2129 (3)
135 2086 224 2131 Impressa
242 2087 312 2121 habent
328 2088 458 2121 monasterium
471 2087 536 2129 Varini,
549 2095 568 2122 et
582 2088 666 2122 similiter
677 2089 748 2133 airipui

72 2146 164 2179 dicebatur
175 2145 239 2186 Valim,
251 2147 282 2195 sed
291 2145 367 2179 omniuo
380 2146 476 2191 legendum
489 2154 517 2180 est
526 2147 552 2180 uri
561 2157 616 2190 supra
626 2147 683 2191 posui.
696 2148 747 2181 Vali-

73 2216 108 2238 nus
120 2213 233 2239 memoratur
250 2206 299 2249 apud
312 2205 418 2248 Roehricht‚
432 2207 515 2250 Regesn,
526 2207 547 2240 P.
558 2207 598 2248 256,
609 2218 626 2241 n.
637 2208 682 2251 973:
701 2209 747 2241 Pan-

59 2263 141 2306 11111115,
153 2275 209 2308 gener
222 2265 293 2299 domini
309 2265 371 2299 Valini
382 2266 425 2309 (dat.
440 2266 510 2306 Accon,
524 2277 546 2309 24
562 2267 606 2300 Dec.
623 2268 680 2311 1115).
697 2266 747 2300 Idem

74 2323 176 2358 Pandulfus
193 2325 233 2357 sine
250 2324 285 2358 alia
300 2324 412 2359 indicatione
427 2325 519 2359 invenitur
533 2326 607 2367 ibidem,
630 2327 648 2360 P.
669 2326 709 2370 178,
728 2338 747 2360 n.

75 2383 119 2426 1067
129 2383 178 2424 (anni
192 2383 234 2418 1235
242 2383 281 2418 sine
291 2383 333 2427 die).
