1631 2703
335 173 430 203 *Ruttnlca
441 174 473 203 xvi
725 176 749 216 55

73 251 178 302 providere
186 253 283 288 teneatur.
293 248 315 287 Et
327 248 342 287 si
355 250 421 287 forsan
434 249 551 299 magistrum
560 253 586 289 'ex
595 251 661 289 debito
675 251 748 290 ibidem

73 325 174 371 regentem
188 319 237 357 infra
254 318 357 368 praedictos
370 319 421 357 duos
435 330 499 358 annos
511 319 614 358 occasione
628 320 749 374 infirmitatis

73 394 107 428 aut
115 389 194 428 alterius
201 388 343 438 cujuscumque
352 399 416 426 causae
426 389 450 426 de
462 389 527 427 studio
540 390 642 438 contingat
651 390 748 436 recedere,

73 460 167 498 volumus
179 458 233 508 quod
245 452 344 507 provincia
355 458 399 496 talis
415 456 457 509 (Fol
473 457 516 508 rna)
527 458 621 508 magistri
627 459 682 497 alteri
702 460 750 498 sub-

73 529 143 568 stituto
155 528 179 566 de
191 527 294 568 medietate
306 527 410 584 taxationis
420 535 521 577 tamquam
535 522 629 578 magistro
642 540 684 568 suae
702 541 749 578 pro-

73 597 142 636 vinciae
155 597 257 647 providere
269 601 366 636 teneatur.
751 639 752 642 Ἴ

81 688 83 691 ·
103 679 133 707 ro.
148 665 270 705 Bachalarius
282 678 328 705 vero
343 670 388 705 actu
398 667 467 716 legens
479 667 551 720 lrabeat
561 668 586 705 de
598 679 633 706 sua
648 668 749 722 provincia

73 737 135 776 CCCL
148 748 230 787 grossos
249 741 268 774 et
280 736 361 785 quilibet
378 735 462 775 aliorum
473 737 629 775 bachalariorum
644 738 752 790 annuatim?

73 806 101 845 CL
111 817 201 856 grossos.
215 806 301 844 Cursum
311 810 377 844 autem
387 805 460 854 legenti
472 806 599 855 provideatur
611 807 635 845 de
647 807 662 846 C
673 806 750 856 grossis

73 887 108 925 per
125 887 182 914 suam
203 875 331 924 provinciam,
352 878 423 923 praeter
440 875 487 914 illud
500 875 616 924 quod-sibi¹
628 876 710 915 debetur
728 881 751 914 ut

72 944 168 983 studenti.
186 945 265 995 Legenti
283 956 329 982 vero
341 944 421 982 bibliam
434 945 560 993 provideatur
571 945 595 994 de
607 944 622 982 C
635 945 712 999 grossis
726 946 750 1000 de

72 1015 175 1054 communi
190 1015 290 1053 taxatione
307 1013 382 1053 ordinis
400 1019 420 1052 et
432 1015 504 1053 desua
523 1015 623 1064 provincia
634 1015 659 1053 de
670 1015 716 1053 aliis
727 1015 749 1066 ‚C

73 1084 157 1134 grossis.
170 1084 255 1123 Cuilibet
264 1095 345 1133 quoque
355 1084 441 1123 studenti
451 1084 541 1134 simplici,
551 1085 592 1122 sive
602 1096 636 1136 per
648 1084 749 1123 contribu-

72 1154 149 1192 tionem
175 1155 217 1193 sive
244 1148 310 1198 aliter,⁴
336 1165 369 1202 per
394 1165 451 1192 suam
474 1154 596 1203 provinciam
622 1153 747 1203 provideatur

73 1224 174 1264 annuatim
184 1235 220 1274 pro
230 1224 271 1263 suis
281 1223 393 1273 indigentiis
403 1224 423 1262 in
432 1224 480 1262 LXX
487 1223 562 1273 grossis
572 1228 642 1273 praeter
651 1235 749 1273 expensas

73 1305 122 1343 quas
134 1294 202 1333 eundo
215 1298 234 1332 et
245 1293 345 1331 redeundo
357 1293 414 1331 faciet
425 1304 471 1342 quae
480 1294 582 1332 solvantur
592 1293 664 1332 eidem.

103 1375 132 1403 11.
145 1363 240 1402 Poterunt
253 1368 320 1401 autem
331 1363 401 1401 iratres
413 1363 437 1401 de
449 1362 532 1401 diversis
544 1362 651 1412 provinciis
671 1363 695 1401 ad
707 1367 750 1400 stu-

72 1433 127 1472 dium
134 1433 242 1471 Parisiense
250 1432 341 1482 dispositi
348 1433 372 1470 de
383 1432 458 1470 licentia
468 1433 498 1471 sui
509 1433 633 1481 provincialis
643 1432 667 1470 ad
673 1432 748 1470 dictum

39 1496 44 1506 ¹
72 1505 139 1542 locum
153 1514 198 1542 cum
209 1502 356 1541 contributione
371 1502 462 1552 praedicta
481 1502 497 1541 si
510 1502 573 1552 ipsam
585 1502 610 1540 ab
621 1502 690 1541 amicis
705 1501 748 1541 suis

73 1573 143 1611 habere
153 1573 228 1611 valeant
241 1583 262 1610 se
271 1573 383 1611 transferre.
412 1612 415 1618 ,
749 1622 751 1624 ¹

102 1654 132 1681 12.
145 1643 192 1680 ltem
209 1642 303 1680 omnibus
315 1641 413 1691 prioribus
430 1641 583 1691 provincialibus
595 1641 682 1680 districte
698 1654 748 1691 prae—

72 1711 157 1762 cipimus
168 1716 187 1750 et
203 1711 329 1754 mandamus
348 1717 447 1760 quatenus
456 1716 518 1750 totam
534 1710 669 1760 provisionem
688 1722 748 1761 quam

72 1793 108 1830 pro
117 1781 159 1820 suis
168 1781 294 1827 studentibus
306 1781 413 1819 conventui
422 1781 524 1830 parisiensi
530 1781 586 1830 juxta
595 1780 748 1820 constitutiones

73 1850 156 1898 singulis
168 1849 224 1888 annis
233 1850 312 1896 debent,
326 1857 371 1888 ante
383 1852 455 1889 testum
465 1850 561 1888 Omnium
573 1850 690 1889 Sanctorum
703 1850 749 1888 mit-

72 1924 114 1957 tant
123 1920 222 1971 Parysiu3‚
233 1919 322 1958 similiter
333 1924 352 1957 et
363 1919 484 1958 taxationem
496 1920 575 1969 capituli
584 1920 681 1970 generalis
696 1920 749 1969 prio-

73 1989 87 2027 ri
101 1989 186 2039 generali
198 1990 229 2027 vel
249 1990 283 2028 ubi
296 2002 338 2027 eam
357 1989 396 2027 dari
417 1989 536 2027 ordinaverit
558 1994 603 2027 ante
622 1989 748 2044 Nativitatem

72 2058 144 2097 Christi
154 2059 240 2097 mittant.
256 2070 286 2110 13.
296 2059 375 2100 Priores.
383 2051 463 2108 quoque
473 2060 544 2097 locales
558 2058 596 2097 sub
608 2059 679 2097 eodem
692 2070 749 2097 man-

72 2128 117 2167 dato
130 2129 251 2167 taxationem
266 2128 297 2167 sui
310 2133 421 2168 conventus
433 2129 488 2178 juxta
500 2128 646 2167 ordinationem
659 2129 689 2167 sui
702 2140 749 2178 pro-

72 2197 160 2237 vincialis
170 2197 249 2248 capituli
258 2203 348 2247 tempore
358 2203 431 2237 statuto
440 2200 516 2237 solvere
526 2203 545 2236 et
551 2198 628 2237 mittere
635 2203 745 2237 teneantur.

71 2268 146 2307 Priores
158 2273 223 2307 autem
236 2269 306 2307 locales
318 2280 352 2317 per
364 2279 450 2317 quorum
463 2269 562 2307 deiectum
575 2274 594 2306 et
606 2268 747 2318 negligentiam

26 2354 28 2357 >
73 2337 165 2386 praedicta
174 2337 269 2376 'steterint
282 2350 293 2375 a
310 2337 352 2376 suis
367 2338 436 2376 officiis
457 2349 492 2386 per
509 2338 649 2387 provincialem
662 2338 692 2375 vel
703 2338 747 2388 ejus

72 2406 173 2453 vicarium,
192 2409 223 2446 vel
239 2407 314 2456 priores
331 2407 459 2457 provinciales
474 2419 508 2457 per
522 2409 634 2457 generalem
651 2412 686 2446 aut
704 2408 747 2458 ejus

73 2476 174 2534 vicarium,
187 2477 218 2516 vel
233 2489 268 2527 per
278 2477 394 2516 diffinitores
406 2477 484 2527 'capituli
498 2477 595 2527 generalis
611 2477 746 2516 absolvantur.
