1631 2703
269 129 336 157 denen.
353 130 371 156 n.
388 129 406 156 n.
426 126 481 168 1345.
674 116 707 177 163

40 201 128 241 nationes
140 202 209 241 faciant
216 204 269 253 quod
277 205 325 242 tales
334 204 450 242 donationes
458 203 530 242 nullius
540 202 618 252 penitus
625 202 709 242 sintmo·

40 272 107 317 menti,
119 278 137 310 et
147 284 180 321 per
191 273 228 311 boc
238 284 277 311 non
290 273 413 311 intendentes
425 273 472 322 quin
484 274 542 310 irater
555 272 605 310 tratri
619 272 681 321 possit
689 273 708 310 in

39 341 78 378 vita
89 352 124 378 sua
136 342 181 379 dare
193 343 272 380 raubam
285 344 315 380 vel
324 353 387 380 unum
397 342 468 380 librurn
481 342 510 379 vel
523 341 541 379 in
555 353 588 380 sun
599 341 667 379 ultima
674 353 709 380 uo-

39 411 113 448 luntate
124 411 177 448 alteri
188 410 242 449 tratri
250 411 365 449 distribuere
376 412 407 449 vel
418 411 489 460 legare.

66 479 112 516 ltem
125 479 207 518 addatur
218 480 333 518 declarando
342 480 395 528 quod
404 479 434 517 illa
442 479 532 527 suffragia
543 484 561 517 et
570 479 662 517 beneficia
669 479 708 528 spi-

39 548 112 585 ritualia
123 560 168 596 quae
178 548 229 586 frunt
240 548 259 585 in
269 553 311 587 toto
321 549 388 586 ordine
400 560 435 598 pro
447 548 484 586 illis
496 548 529 595 qui
541 552 587 586 sunt
604 547 622 585 in
638 547 707 585 officiis

40 618 169 665 generalatus,
183 618 313 670 procuratoris
325 617 421 666 generalis
433 621 452 654 et
467 616 616 665 poenitentiariae
630 617 708 654 Domini

39 685 94 733 Papae
105 685 234 748 etiam‘sitnili
247 686 307 724 modo
316 686 364 724 fiant
376 698 411 735 pro
423 685 460 723 illis
471 685 504 734 qui
513 685 559 723 alias
568 686 587 723 in
600 685 656 723 dictis
665 685 708 723 offi-

65 823 238 865 ltemvocamus
255 835 335 861 ornnem
355 823 437 871 gratiam
457 834 571 861 concessam
590 823 708 874 cuicumque

38 892 90 929 fratri
101 877 129 940 fit
141 891 346 943 quotno(do)cumque
366 893 390 929 de
399 892 495 929 veniendo
508 892 532 928 ad
547 891 624 930 Curiam
638 892 709 930 Rotna-

39 971 91 997 nam.
455 961 457 964 ⁴

21 1024 23 1026 ’
65 1029 110 1066 item
124 1040 239 1067 revocamus
254 1040 389 1077 quascumque
403 1029 475 1077 gratias
487 1040 591 1067 concessas
603 1041 636 1077 per
648 1029 708 1067 Reve-

39 1097 121 1134 rendum
131 1099 205 1135 Patrem
218 1098 302 1135 Priorem
315 1098 425 1147 generalem
438 1098 597 1146 quibuscumque
609 1098 706 1141 iratribus,

39 1166 125 1214 exceptis
137 1166 243 1214 magistris,
263 1165 376 1203 bacbaluriis
393 1171 412 1202 et
430 1166 519 1208 infirmis,
544 1171 605 1214 atque
622 1165 708 1213 antiquis

39 1234 181 1282 quinquaginta
193 1245 290 1271 annorum
303 1235 323 1271 in
336 1234 402 1271 ordine
419 1234 512 1271 continue
524 1234 653 1272 existentibus
666 1233 708 1271 sine

41 1306 86 1339 nota
98 1302 184 1339 criminis
194 1308 213 1339 et
227 1302 317 1340 scandalo
328 1302 415 1339 notabili.

65 1370 161 1408 Omnium
174 1370 256 1408 aliorum
275 1371 404 1419 capitulorum
424 1370 544 1418 generalium
558 1370 707 1408 constitutiones

40 1438 82 1476 istis
90 1450 131 1475 non
143 1439 248 1476 contrarias
257 1439 390 1487 approbamus
399 1443 418 1475 et
427 1438 545 1476 ratificamus
553 1444 572 1476 et
583 1439 707 1488 praecipimus

40 1518 71 1544 eas
83 1507 218 1544 inviolabiliter
230 1507 334 1545 observari.
351 1507 372 1544 Et
392 1518 462 1544 omnes
482 1507 527 1544 alins
540 1507 582 1545 istis
602 1507 707 1545 contrarias

40 1575 118 1624 penitus
128 1586 250 1613 revocamus.
263 1574 294 1625 (r)

61 1705 89 1747 (Ι)
102 1708 113 1723 “
127 1703 282 1737 inconstitutione
298 1715 336 1746 cap.
345 1714 385 1746 gen,
396 1704 494 1736 Mediolani
505 1704 555 1745 1345.
566 1705 609 1737 item
624 1704 706 1737 roluurus

39 1771 56 1796 et
66 1762 170 1794 ordinamus
180 1763 228 1804 quod
243 1761 296 1794 irater
308 1762 410 1794 Gulielmus
420 1762 518 1794 Furrlrener
527 1762 586 1805 legere
597 1762 664 1804 poterit
673 1762 704 1794 de-

40 1821 115 1853 cretales
127 1832 146 1853 ac
164 1820 215 1852 etiarn
234 1820 252 1851 in
267 1821 306 1862 jure
320 1820 408 1852 canonico
421 1820 507 1862 incipere,
520 1820 534 1852 si
548 1819 618 1862 aliquid
632 1820 706 1852 cunoni-

40 1889 80 1911 cum
91 1888 127 1910 non
137 1878 217 1910 obsistat.
230 1878 258 1910 Ad
267 1877 394 1919 provincialem
401 1877 477 1920 Angttae.
487 1878 496 1891 '¹'
511 1877 554 1917 (MS
566 1878 634 1920 Bodley
644 1879 664 1921 73
675 1877 706 1910 fol.

40 1939 64 1979 2).
78 1937 104 1969 De
120 1935 209 1969 Gulielrno
221 1935 319 1968 Falconcco
337 1935 400 1968 scribit
412 1935 477 1968 Baleus
501 1935 555 1968 luisse
573 1935 707 1968 adolescentem

39 1995 89 2028 haud
100 1993 201 2037 illepidum,
212 1993 313 2036 litterisque
326 1993 430 2035 pollentem,
441 1993 584 2035 Nottiughrmiae
599 1993 705 2036 religionem

43 2053 120 2085 intrasse
140 2050 243 2093 (uhietiam
261 2042 334 2083 tandein
348 2059 431 2083 mortuus
448 2052 482 2093 est)
495 2058 511 2083 et
524 2050 613 2083 studuisse
626 2060 664 2083 tutu
675 2051 711 2095 3⁰7

42 2110 103 2144 noniae
115 2119 132 2143 et
143 2109 217 2149 Patavii,
233 2116 271 2140 tum
287 2107 362 2141 Oxoniae
372 2116 389 2141 et
399 2108 524 2152 Cantabrigiae.
537 2108 616 2151 (Harley
624 2109 667 2142 3838
676 2108 706 2140 iol.

42 2168 96 2212 pobl.
