1631 2703
306 122 455 152 BENEDICTlONES
695 122 700 148 l
708 121 714 148 1

44 198 103 236 nrulis
115 197 154 235 tuis
163 202 181 235 et
193 198 280 246 quidque
290 197 309 235 in
321 198 349 236 eis
361 198 380 235 in
397 198 427 235 via
439 196 537 246 subripuit
549 196 612 241 visus,
620 200 654 233 aut
663 196 718 234 audi·

43 273 82 314 tus,
94 271 127 304 aut
136 265 194 304 otiosi
204 267 308 312 sermonis,
325 271 359 305 aut
371 268 427 304 malae
448 266 481 309 rei,
506 269 571 303 totum
589 265 608 302 in
626 264 717 302 ineffabili

44 337 114 385 pietate
123 341 157 373 tua
166 335 270 385 indulgeas
280 341 299 373 et
315 336 425 385 abstergas.
439 336 473 372 Per
485 334 586 374 Christum
609 334 717 372 Dominum

44 409 142 442 nostrum.
154 404 226 441 Amen.

128 523 160 556 Ad
166 524 308 567 recipiendum
317 525 445 558 confratrem
453 524 488 557 vel
494 533 594 557 sororem.
602 518 633 571 (1)

69 637 100 675 Ps.
110 637 163 675 Deus
178 637 293 675 misereatur
311 637 379 676 nostri.
396 637 461 675 Gloria
479 636 535 675 Patri.
548 634 572 684 y,
590 636 718 685 Suscepimus

45 706 95 744 Deus
108 706 261 744 misericordiam
279 711 334 744 tuam
355 706 374 744 in
393 706 466 744 medio.
483 706 543 757 Kyrie
557 707 581 744 el.
599 705 676 744 Christe
692 706 717 743 el.

44 775 102 825 Kyrie
122 776 146 813 el.
162 775 216 813 Pater
238 774 311 814 noster.
333 775 354 813 Et
367 786 447 814 nenos.
460 772 484 821 ts.
498 775 578 814 Salvum
596 776 626 812 fac
639 786 718 812 servum

44 849 108 888 tuum,
119 844 171 888 vel,:
190 845 284 882 famulam
299 850 362 882 tuam.
374 847 398 896 tr.
411 844 467 882 Mitte
484 844 508 888 ei,
524 844 615 887 Domine,
624 843 718 882 auxilium

45 914 68 952 de
77 918 152 951 sancto.
165 915 189 961 u.
196 913 249 952 Nihil
258 913 346 963 proficiat
355 913 446 951 inimicus
455 913 474 951 in
482 925 513 952 eo.
520 916 545 966 ti.
554 914 600 952 Esto
610 912 626 951 ei
635 912 719 951 Domine

44 983 102 1021 turris
112 982 239 1021 tortitudinis.
253 983 337 1021 Domine
347 983 425 1022 exaudi.
436 983 534 1021 Dominus
546 983 657 1021 vobiscum.

70 1050 166 1100 Suscipiat
173 1056 191 1088 te
203 1052 256 1089 Deus
265 1051 284 1089 in
300 1063 383 1090 numero
393 1051 479 1090 filiorum
492 1062 575 1090 suorum
588 1056 607 1090 et
624 1062 661 1089 nos
673 1051 717 1090 licet

45 1120 120 1170 indigni
133 1120 253 1169 suscipimus
264 1125 284 1159 te
293 1120 312 1159 in
325 1120 447 1159 orationibus
457 1120 538 1159 nostris.

71 1189 214 1227 Concedattibi
232 1189 285 1227 Deus
304 1201 338 1239 per
355 1189 485 1239 Unigenitum
508 1200 568 1228 suum
589 1189 717 1227 mediatorem

45 1257 77 1295 Dei
87 1262 106 1295 et
117 1257 230 1303 hominum,
244 1262 324 1308 tempus
336 1258 386 1296 bene
398 1258 484 1304 vivendi,
498 1259 564 1297 locum
579 1258 630 1297 bene
647 1257 718 1308 agendi

45 1332 63 1364 et
72 1327 184 1365 instantiam
198 1328 341 1377 perseverandi,
356 1333 374 1365 et
383 1329 407 1366 ad
419 1328 548 1367 aetemaevirae
557 1328 640 1378 gloriam
651 1340 720 1377 perve-

45 1396 117 1435 niendi.
129 1397 150 1435 Et
160 1397 210 1435 sicut
218 1408 255 1436 nos
264 1397 322 1436 hodie
331 1396 421 1449 {fraterna
430 1397 498 1436 caritas
511 1397 636 1446 spiritualiter
651 1398 720 1448 jungit

46 1466 137 1512 interris,
159 1467 185 1504 ita
196 1467 262 1505 divina
282 1468 344 1516 pietas
357 1479 394 1505 nos
414 1479 459 1505 cum
481 1467 553 1506 sanctis
577 1468 619 1506 suis
636 1468 720 1513 coniun-

45 1536 188 1586 geredignetur
198 1536 217 1574 in
230 1536 292 1574 coelis.
306 1537 340 1574 Per
351 1536 468 1582 Christum„

67 1678 84 1720 [ἢ
95 1677 122 1710 Ci,
132 1677 226 1720 Ordinale,
240 1677 318 1711 Rubrica
330 1677 413 1711 xuuul.
