1616 2703
75 164 115 204 290
343 162 492 192 nouornrrours

71 237 141 286 Jonam
150 235 200 289 (1)a
210 236 295 276 mortuis
305 237 434 283 resuscitavit,
446 237 527 287 quidam
537 236 611 286 opinati
620 241 668 275 sunt
676 236 750 274 ibidem

75 307 137 346 fuisse
154 311 276 345 conventum
293 307 373 346 Ordinis
388 306 426 359 (2).
442 308 469 345 At
489 319 553 355 neque
568 318 592 344 ex
607 306 669 355 ipsius
684 306 750 344 verbis

76 387 141 426 neque
151 375 230 424 aliunde
252 375 272 414 id
283 376 324 415 erui
337 381 409 426 potest.
423 375 547 415 Turriculum
557 375 576 414 S.
590 375 635 413 Eliae
647 375 673 413 ibi
687 381 753 414 extru-

75 450 137 494 ctum,
151 445 177 483 ait
193 445 325 496 Hieronymus
342 447 421 485 Paulam
434 446 546 496 ingressam
553 445 615 484 tuisse
622 445 678 494 quasi
686 445 751 483 locum

75 513 187 553 devotionis
194 513 231 565 (3),
241 518 301 563 atque
309 515 334 553 de
343 526 366 553 eo
377 516 469 564 frequens
479 519 508 553 est
517 525 583 553 sermo
592 513 611 551 in
622 513 750 552 relationibus

77 583 226 632 peregrinorum
238 587 258 622 et
269 582 473 634 Crucesignatorum(
488 584 503 632 ).

103 652 123 690 ln
135 652 212 690 civitate
223 652 297 701 Tripoli
310 664 322 690 <r
334 653 446 691 babuerunt
463 651 606 691 monasterium
621 662 663 690 suae
675 652 752 701 religio·

77 721 108 759 nis
128 721 214 770 praedicti
232 722 307 766 fratres,
328 727 347 759 et
363 717 416 760 aliud
431 722 456 760 ad
472 727 513 760 tres
533 722 598 760 leucas
614 721 659 759 inde
677 721 752 759 distans

71 800 145 828 vversus
155 789 256 828 Orientem
267 802 327 839 prope
339 795 428 829 montem
438 790 504 829 Libani
514 790 568 839 quod
579 795 658 839 propter
668 790 753 839 pulchri-
807 808 808 814 =

76 859 166 897 tudinem
181 858 218 897 loci
230 859 280 897 Bell'
295 857 332 898 loci
346 870 419 898 nomen
431 860 526 909 adeptum
538 864 586 898 est»
594 857 631 910 (5).
643 859 671 897 De
683 864 753 897 neutro

77 928 151 977 aliquid
171 928 256 978 amplius
276 928 300 966 ad
318 933 406 973 nostram
426 928 515 978 pervenit
530 928 620 968 notitiam
641 928 678 966 nisi
699 928 753 977 quod
804 944 805 972 1

76 1007 130 1035 anno
145 999 194 1048 1289
207 1009 242 1047 per
253 997 342 1036 infideles
351 997 414 1036 diruta
424 999 511 1036 suerunt.
521 998 541 1035 ln
550 998 636 1047 capitulo
645 997 691 1035 anni
705 999 753 1048 1318
804 982 805 997 ³

76 1067 135 1104 irater
151 1066 244 1106 Nicolaus
256 1067 280 1105 de
295 1066 369 1116 Tripoli
384 1067 423 1117 egit
441 1066 580 1116 provincialem
592 1066 657 1105 Terrae
668 1066 751 1111 Sanctae,

77 1135 90 1173 i.
101 1147 118 1173 e.
131 1135 198 1186 Cypri.
807 1179 808 1182 Ἴ

104 1204 155 1242 ldem
170 1204 265 1244 Sanvicus
277 1205 348 1244 deinde
359 1205 401 1255 agit
413 1199 440 1244 ¹de
452 1210 552 1244 conventu
565 1204 751 1256 Hierosolymilano.
804 1208 807 1250 ξ

78 1273 242 1312 «Verumtamen
265 1274 382 1323 juvantibus
408 1274 486 1314 devotis
506 1273 614 1324 peregrinis
637 1273 752 1312 Christianis
806 1285 808 1317 ς

77 1342 206 1391 Sepulchrum
216 1343 295 1382 Domini
307 1343 434 1383 visitantibus
447 1343 594 1382 aedilicaverunt
605 1343 642 1382 sibi
652 1343 672 1381 in
684 1343 753 1382 eadem
806 1329 808 1332 ’

77 1410 177 1461 provincia
185 1410 306 1465 (Palaestina)
318 1413 337 1451 in
350 1413 430 1462 regione
438 1413 511 1461 ludaeae
520 1417 539 1451 et
556 1412 667 1451 habuerunt
684 1424 753 1451 mona-

77 1480 159 1519 sterium
177 1492 219 1520 suae
235 1481 335 1531 religionis
354 1483 373 1520 in
392 1482 468 1521 civitate
476 1487 542 1521 sancta
556 1482 670 1530 Jerusalem,
686 1493 753 1532 quaea
805 1521 808 1525 ,

77 1555 146 1588 monte
162 1550 245 1589 Carmeli
260 1551 319 1590 distat
331 1562 365 1600 per
384 1551 464 1600 triginta
475 1551 525 1590 duas
542 1552 608 1590 leucas
619 1561 690 1589 versus
712 1551 754 1589 Au·
806 1605 808 1607 v

77 1623 141 1657 strum
148 1630 168 1658 a.
179 1619 201 1657 Et
210 1619 272 1658 infra:
284 1631 296 1658 <t
305 1620 324 1658 in
334 1621 404 1659 diebus
414 1625 480 1659 autem
490 1620 528 1658 illis
535 1619 617 1668 (scilicet
626 1623 672 1669 post
677 1619 752 1658 cladem
802 1606 807 1636 1

77 1688 130 1737 apud
148 1688 220 1727 Gazam
238 1701 291 1728 anno
315 1691 374 1739 1244)
390 1690 443 1729 nulla
461 1690 545 1728 audebat
562 1689 603 1728 fieri
621 1689 752 1739 peregrinatio
803 1706 806 1731 ;

76 1756 233 1797 Christianorum
253 1759 277 1796 ad
288 1758 419 1809 Sepulchrum
431 1758 518 1803 Domini,
532 1764 611 1808 propter
623 1758 753 1807 quodfratres

100 1905 121 1947 (1)
133 1905 188 1938 Teste
203 1906 221 1939 S.
232 1905 346 1949 Hieronymo
356 1905 437 1948 (Praefat.
448 1905 468 1939 in
480 1906 555 1950 Jonam)
568 1905 619 1949 juxta
633 1905 751 1939 traditionem

78 1963 201 1997 Hebraeorum
217 1963 266 1997 filius
280 1963 339 1997 viduae
353 1965 459 2007 Sareptanae
473 1972 512 1997 emt
526 1965 616 2007 propheta
628 1964 689 2005 lonas,
702 1963 752 2008 quod
798 1962 807 2003 ,ζ

77 2029 138 2056 tamen
153 2021 268 2066 improbatur
282 2034 304 2056 ex
314 2033 335 2056 eo
347 2024 398 2067 quod
409 2023 464 2056 Jonas
473 2023 507 2056 fuit
522 2023 617 2065 Hebraeus,
628 2022 694 2055 mulier
708 2032 752 2056 vero
803 2038 806 2041 -

77 2079 108 2113 illa
118 2081 197 2124 gentilis
208 2080 234 2115 Cf.
243 2081 350 2115 Cornelium
361 2082 449 2126 aLapide
459 2084 481 2115 ad
491 2082 516 2115 lll
526 2081 597 2126 Regum
607 2081 665 2119 XVll.
678 2092 703 2125 17.
728 2075 730 2079 Α
794 2087 800 2127 s?

100 2139 121 2181 (a)
134 2140 219 2173 Histoire
227 2141 249 2174 de
258 2140 337 2183 I'Ordre,
348 2141 369 2174 Ρ.
380 2141 408 2174 28.

99 2197 120 2240 (31
134 2197 204 2242 Migne,
212 2198 231 2231 P.
243 2199 264 2232 L.
275 2207 287 2234 1.
295 2199 352 2240 XXII,
363 2199 398 2233 col.
408 2199 449 2233 882.
796 2236 799 2246 Ἰ(

99 2256 121 2298 (4)
135 2257 148 2290 F
150 2257 219 2292 ulcher.
227 2258 302 2291 Carnot.
311 2259 331 2291 P.
342 2259 362 2292 L.
373 2265 385 2292 t.
397 2258 451 2301 CLV,
461 2258 496 2292 col.
506 2258 547 2292 850.
556 2257 653 2297 Fretellus,
664 2257 707 2290 ibid.
715 2257 750 2290 eol.

79 2324 129 2358 1041.
140 2314 206 2349 Guilel.
216 2316 259 2360 Tyr.
270 2324 283 2350 t.
294 2317 340 2359 CCl,
350 2316 384 2350 eol.
393 2327 429 2359 400
438 2317 472 2350 dic.

98 2373 121 2417 (5)
131 2374 205 2418 Specul.
214 2374 292 2409 Carmel.
303 2376 317 2418 I,
329 2376 368 2418 105,
378 2386 396 2409 n.
403 2375 445 2418 448.
