1631 2703
78 133 102 171 92
330 131 488 161 consrnuuones

76 202 155 255 capituli
167 207 264 256 generalis
278 207 307 245 vel
319 206 443 257 provincialis
455 218 490 246 seu
499 207 647 256 cujuscumque
654 212 745 245 conven-

76 279 110 313 tus
118 273 213 314 volumus
224 275 330 314 observari.
622 287 624 289 ·
651 286 653 288 ·
721 284 723 287 ·

86 351 87 354 ’
103 343 123 382 6.
146 344 216 382 Nullus
227 345 310 383 fratrum
318 349 381 394 portet
393 344 480 393 sigillum
496 355 560 393 neque
574 344 662 394 signum,
677 348 745 394 praeter

78 413 159 462 priores,
172 413 255 452 vicarios
266 419 286 451 et
294 412 404 453 visitatores
412 409 482 462 prioris
491 413 587 463 generalis
595 418 621 452 ·et
627 413 695 463 prioris
702 424 746 463 pro*-

79 481 173 524 vinculis,
184 481 290 532 magistros
305 486 324 520 et
340 482 467 526 bachalarios,
479 482 561 520 lectores
572 482 592 520 in
604 494 658 521 sacra
669 482 744 532 pagina,

79 562 101 600 ac
109 551 190 589 vicarios
198 551 338 590 conventuales
350 556 370 589 et
380 550 462 595 ordinis,
475 555 494 589 et
503 562 600 589 novorum
605 551 693 590 locorum
703 563 747 601 pro-

80 624 186 664 curatores,
197 619 233 658 nlsi
243 631 277 668 per
288 619 372 668 priorem
385 620 495 668 generalem
505 621 534 657 vel
546 631 580 669 per
589 620 696 669 capitulum
703 631 748 669 pro-

80 688 163 727 vinciale
180 687 280 737 aliquibus
297 688 389 726 fratribus
408 688 496 726 honestis
513 688 621 727 secundum
640 689 748 727 decentiam

80 762 144 796 status
157 757 187 796 sui
197 757 222 796 sit
233 768 358 802 concessum,
370 757 407 795 sub
419 768 477 806 poena
489 757 583 806 gravioris
593 758 654 808 culpae
664 770 698 807 per
709 763 748 797 tres

81 826 131 871 dies,
140 826 231 875 quotiens
240 825 424 875 hujusmodIsigilla
430 826 461 864 vel
468 826 525 875 signa
532 831 606 875 reperta
617 827 691 865 luerint·
697 827 749 877 apud

80 907 122 934 eos.
137 906 155 944 7.
167 896 205 934 Nec
216 896 284 932 iratres
294 894 324 932 alii
331 894 410 933 mittant
416 895 446 932 vel
456 895 549 944 recipiant
558 895 637 941 litteras,
648 896 685 934 nisi
695 897 749 946 prius

80 977 90 1002 a
105 964 203 1013 prioribus
213 964 316 1001 videantur
327 968 346 1001 et
355 964 451 1001 licentiam
461 964 562 1002 obtineant
571 965 594 1002 ab
604 964 677 1003 eisdem
686 966 711 1003 ad
720 977 749 1003 re-

80 1033 193 1085 cipiendum
210 1033 240 1071 vel
255 1032 381 1078 mittendum,
400 1033 437 1071 sub
453 1045 511 1082 poena
528 1034 623 1083 gravioris
634 1036 704 1084 ¹,culpae
715 1047 749 1085 per

81 1104 131 1152 duos
142 1103 190 1140 dies.
201 1093 220 1142 8.
233 1101 305 1140 Poterit
313 1107 379 1140 tamen
390 1098 509 1152 quicumque
519 1103 610 1142 subditus
619 1097 702 1150 scribere
712 1116 748 1150 suo

82 1159 184 1221 superiori,
195 1175 215 1209 et
223 1170 375 1220 asuperioribus
386 1171 459 1210 litteras
469 1167 553 1221 recipere
562 1172 637 1222 absque
643 1173 687 1219 hoc,
695 1174 750 1223 quod

82 1227 217 1291 ‚superioribus
234 1239 275 1278 suis
293 1240 395 1278 ostendere
407 1245 495 1279 teneatur
505 1241 548 1291 (Fol
563 1240 617 1293 job).
634 1254 653 1293 9.
669 1242 687 1280 Si
705 1234 749 1292 quis

81 1315 146 1348 autem
159 1310 232 1349 litteras
239 1303 296 1359 priori
310 1309 394 1358 generali
409 1310 439 1348 vel
457 1309 569 1359 provinciali
584 1311 655 1349 missas
666 1312 749 1349 scienter

81 1380 178 1429 aperuerit
189 1379 219 1416 vel
231 1377 327 1423 malitiose
339 1378 445 1424 retinuerit,
459 1379 523 1417 locum
534 1383 552 1417 et
561 1391 628 1418 vocem
635 1379 717 1425 amittat,
731 1385 750 1418 et

79 1437 134 1497 juxta
144 1446 272 1497 quantitatem
285 1446 348 1484 delicti
360 1446 429 1485 carceri
442 1447 569 1497 mandpetur.
585 1459 614 1486 10.
627 1448 646 1486 Si
658 1442 706 1497 quis
714 1460 749 1498 pro

81 1516 229 1555 continuatione
240 1516 270 1553 vel
279 1515 382 1565 adeptione
401 1516 460 1554 officii
470 1516 519 1554 inira
528 1517 623 1562 ordinem,
630 1522 663 1556 aut
672 1529 707 1566 pro
717 1518 750 1555 de·

81 1585 170 1628 fensione
177 1586 207 1623 vel
214 1584 331 1634 impunitate
343 1585 455 1623 commissae
467 1586 536 1634 culpae,
545 1586 575 1624 vel
584 1586 750 1636 pro-promotione

81 1655 105 1706 ad
114 1654 210 1699 studium,
224 1665 259 1692 seu
269 1665 303 1703 pro
316 1665 371 1691 mora
378 1653 397 1691 in
407 1658 513 1701 conventu,
523 1655 553 1692 vel
565 1655 664 1693 amotione
675 1656 699 1693 ad
707 1667 751 1694 con·

82 1729 171 1768 ventum,
188 1723 207 1760 in
224 1734 264 1771 quo
282 1722 409 1761 scandalosus
427 1723 458 1760 vel
472 1723 581 1761 damnosus
598 1735 633 1762 seu
646 1730 749 1774 suspectus

83 1793 171 1836 liabetur,
185 1803 252 1840 preces
264 1792 294 1828 vel
306 1791 379 1829 litteras
396 1792 528 1840 praelatorum,
539 1792 651 1841 principum
663 1798 682 1831 et
693 1805 748 1843 mag·

85 1865 153 1899 natum
165 1865 199 1898 aut
210 1859 266 1898 etiam
276 1859 442 1897 communitatum
454 1861 484 1898 vel
496 1871 667 1910 quarumcumque
676 1862 751 1900 notabi-

83 1930 132 1969 lium
145 1939 273 1977 personarum
285 1932 339 1965 extra
351 1928 440 1965 ordinem
449 1940 483 1977 per
492 1940 513 1966 se
522 1929 552 1966 vel
565 1940 599 1977 per
610 1930 669 1968 alium
682 1942 752 1979 procu·

84 1997 160 2042 raverit,
171 2008 219 2034 voce
231 2001 250 2034 et
259 1997 301 2034 loco
311 1996 404 2043 privetur.
426 1996 472 2035 Etsi
484 2008 508 2034 ex
520 1997 557 2034 hoc
568 1998 642 2036 offensa
654 2000 684 2037 vel
697 1999 751 2037 dam·

85 2078 133 2105 nosa
148 2065 258 2115 indignatio
277 2065 341 2103 ordini
359 2066 388 2102 vel
405 2066 484 2114 praelato
498 2066 592 2103 concitata
606 2067 669 2112 luerit,
683 2069 752 2106 carceri

84 2135 212 2183 mancipetur.

113 2215 143 2242 ιι.
160 2204 206 2241 ltem
225 2202 339 2247 statuimus,
358 2202 411 2250 quod
427 2202 547 2251 quicumque
561 2202 644 2252 simplex
656 2215 691 2253 pro
703 2216 753 2254 quo-

85 2284 170 2321 cumque
189 2274 238 2310 lacto
251 2271 326 2310 ordinis
344 2271 453 2320 requisierit
470 2270 549 2309 consilia
566 2272 705 2311 advocatorum
717 2285 752 2312 seu

86 2352 257 2390 quarumcumque
271 2340 353 2378 aliarum
372 2335 499 2389 personarum
515 2340 610 2386 adelina,
624 2340 666 2379 sine
677 2342 752 2381 licentia

89 2410 119 2449 sui
132 2402 213 2459 praelati,
226 2411 269 2448 loco
281 2414 299 2448 et
308 2420 355 2448 voce
367 2403 459 2459 privetur.
546 2396 548 2398 ¹
