1616 2703
95 65 134 115 146
345 78 397 106 ulter
411 77 521 106 carilocus

93 151 198 202 inuspost
210 153 289 202 plurimi
301 154 397 204 temporis
410 153 574 203 intercapedinem
585 154 609 192 A.
619 154 643 192 D.
660 152 708 203 1167
719 154 774 193 vica-¹

96 223 117 261 rii
130 223 181 261 vices
193 228 283 272 occupat.
303 223 353 261 Nam
366 223 428 262 defuit
441 224 471 262 his
491 224 624 262 substituendi
637 225 716 262 modus.
727 225 776 263 Per-·

95 298 137 332 acto
150 294 253 342 septennio
269 305 308 342 quo
329 293 406 341 praeiuit
426 285 550 332 vicariusA.
563 294 586 332 D.
603 304 652 342 1174
676 306 710 343 per
726 294 771 332 Hie-

97 364 244 413 rosolymorum
257 363 386 411 patriarcham
399 364 508 401 Heraclium
519 363 653 402 substituitur.
662 363 776 401 Fuitxenim·

97 432 229 481 archipraesuli
239 432 328 470 Caesanae
339 437 398 480 atque
407 432 564 481 Templariorum
578 433 674 482 magistro
687 445 696 470 a
708 433 771 471 consi-

97 501 135 539 liis.
146 501 207 539 Basilii
217 512 302 539 canones
314 501 337 539 acl
350 502 491 550 compendium
502 501 586 546 reduxit,
598 502 776 540 1110111111111511311-Ἰ

98 570 152 615 tavit,
164 571 249 608 Samiam
259 571 360 619 leprosum
371 571 459 618 sanavit3
471 583 495 622 33
506 571 564 609 annis
577 571 672 609 Ordinem
685 571 740 615 rexit,
753 576 772 608 et

99 652 108 676 1
121 640 218 678 Genitrice
228 640 261 677 Dei
274 640 388 678 admonitus
401 641 481 678 sortitur
493 641 538 678 vitae
556 641 630 678 exitum
641 641 665 678 A.
676 641 699 678 D.
714 650 770 688 1207,

99 710 184 748 secunda
206 709 237 747 die
255 709 382 758 Septembris,
398 709 504 747 LXXleo
517 709 579 748 aetatis
599 721 641 747 suae
659 710 719 747 anno.
735 709 770 747 Hic

99 789 186 816 canones
197 779 221 816 ab
234 779 315 816 Alberto
328 779 422 827 suscepit.

125 859 145 898 5.
156 847 326 898 SairetusCyrillus
339 848 460 896 Megarensis
470 859 553 897 graecus,
564 849 628 886 attice
641 848 727 897 regionis
740 848 774 885 do-

99 922 142 955 ctor
150 917 288 955 celeberrimus
300 917 513 966 Constantinopolitani
526 918 587 956 studii
596 923 719 967 gymnastes,
730 917 773 966 piri-

99 986 203 1035 losopbus,
215 987 280 1023 rhetor
292 991 311 1023 et
322 987 436 1034 theologus,
450 986 519 1024 Yconii
532 998 598 1035 regem
619 987 643 1024 ad
655 986 714 1024 fidem
726 986 777 1024 con-v

99 1056 164 1093 vertit.
178 1055 288 1093 Emanuelis
300 1066 411 1103 graecorum
424 1049 506 1093 Caesaris
521 1056 545 1093 ad
555 1056 689 1093 Alexandrum
701 1056 773 1104 Papam

100 1124 179 1162 tertium
198 1125 275 1172 legatus
296 1124 338 1161 suit.
355 1124 478 1162 Admonitus
497 1125 598 1162 tandemu
615 1125 697 1172 Deipara
709 1125 733 1162 A.
749 1125 772 1162 D.

104 1192 152 1242 1165
174 1193 287 1231 Carmelum
308 1193 367 1244 Syriae
390 1194 452 1242 petiit,
470 1193 567 1243 religiosae
580 1193 654 1231 militiae
666 1205 686 1231 se
698 1193 772 1231 dicans.

102 1263 202 1306 Armenis‚
216 1263 290 1300 Parthis
301 1267 320 1300 et
332 1261 396 1301 Medis'
404 1263 500 1301 decennio
516 1264 635 1311 praedicavit.
651 1263 776 1312 Regem-Ar-

102 1333 173 1370 menia
182 1324 227 1369 cunr
240 1333 314 1381 populo
326 1332 438 1381 baptizavit.
455 1333 514 1370 Anno
527 1332 606 1370 Domini
618 1342 666 1381 1207
679 1332 774 1370 Brocurdo

102 1407 218 1451 surrogatus
233 1413 257 1450 27
270 1401 327 1439 annis
343 1401 398 1439 rexit.
412 1402 533 1447 Graecorum,
550 1401 670 1445 Latinorum,
684 1401 776 1439 Hebraeo-

103 1482 146 1508 rum
159 1476 178 1508 et
197 1471 331 1508 Armenorum
344 1470 423 1520 linguas
436 1470 576 1518 perfectissime
588 1471 650 1508 novit.
666 1470 728 1518 Super
746 1482 776 1507 ec-

103 1541 166 1578 clesiae
176 1546 227 1579 statu
239 1541 328 1578 divinum
342 1541 428 1589 suscepit
449 1542 558 1578 oraculum.
578 1540 728 1578 Patriarclratum
741 1551 776 1577 no-

103 1611 146 1647 luit.
158 1611 230 1648 Futura
242 1610 338 1658 predixit,
352 1622 426 1648 caecum
439 1609 564 1654 illuminavit,
578 1610 693 1647 defunctum
715 1609 777 1647 susci-

103 1679 158 1717 tavit.
177 1680 196 1716 ln
207 1679 272 1717 medio
286 1680 366 1717 irairum
380 1679 736 1727 11111311111111111111111111111031111,
750 1679 775 1716 A.

103 1749 126 1787 D.
152 1759 208 1796 1234,
222 1748 284 1797 pridie
300 1749 367 1786 Nonas
391 1748 443 1798 111111,
467 1748 536 1786 claudo
559 1753 633 1786 naturae
650 1748 775 1795 beneficium,

104 1824 183 1855 mortuo
196 1818 256 1855 vitam
270 1817 361 1855 restituit.

131 1887 282 1935 4.Ba1·tlrelmus
294 1887 352 1936 Ligur
365 1898 388 1924 ex
399 1887 516 1925 Lumbardia
525 1887 593 1925 Galliae
607 1887 705 1936 cisalpinae
718 1886 777 1935 origi-

104 1970 148 1996 nem
161 1956 226 1995 traxit.
240 1957 382 1994 lluncconstat
393 1957 458 1994 virum
472 1956 532 1994 luisse
556 1956 611 1994 omni
632 1957 731 2005 praeconio
749 1957 778 1993 di-

104 2039 174 2076 gnum,
186 2027 302 2076 prudentem
313 2025 332 2063 in
342 2026 424 2075 agendis
434 2031 453 2063 et
467 2027 566 2071 solertem,
582 2027 633 2064 lama
645 2033 664 2063 et
684 2025 778 2075 opinione

105 2098 227 2146 praeclarum.
238 2095 346 2144 Religionis
358 2097 400 2133 zelo
410 2095 522 2134 Carmelum
542 2096 602 2142 venit,
619 2108 664 2134 cum
687 2095 778 2133 iratribus

104 2166 159 2204 vixit.
171 2165 248 2203 Interim
263 2166 331 2203 iratres
341 2165 367 2203 ob
377 2165 490 2214 qttotidiann
501 2166 548 2203 bella
559 2167 630 2203 famem
641 2165 692 2214 passi
701 2165 725 2202 de
732 2165 779 2213 iuga

104 2235 198 2284 cogitant.
212 2235 231 2272 ln
244 2246 307 2273 unum
320 2246 368 2283 ergo
378 2239 424 2284 post
435 2234 512 2272 obitum
525 2234 590 2285 Cyrilli
605 2235 625 2272 in
638 2235 727 2272 Carmelo
740 2235 779 2271 col-

105 2305 208 2342 lectianno
216 2304 295 2342 Domini
310 2315 359 2354 ¹²34
369 2316 404 2353 pro
411 2304 490 2342 Ordinis
499 2304 518 2342 in
531 2305 606 2353 Europa
613 2303 779 2353 corripiantatione

105 2376 157 2414 hunc
165 2374 229 2412 virum
242 2374 390 2413 sanctissimum
403 2375 483 2424 eligunt,
498 2374 578 2412 scientio
599 2378 617 2411 et
632 2373 728 2422 probitate
737 2373 779 2411 ido-
