1631 2703
362 137 508 169 ssfiuuurcrroues
533 174 535 177 ι

161 258 194 291 Ad
206 259 328 293 mandatum
341 259 390 303 post
399 259 498 294 lotionem
511 260 532 293 in
545 259 607 294 Coena
615 258 705 293 Domini.

124 367 203 406 Dicatur
211 368 270 418 Kyrie
282 369 306 406 ei.
322 369 399 406 Christe
410 369 435 406 ei.
448 368 507 418 Kyrie
519 370 543 408 el.
564 370 619 406 Pater
631 374 704 407 noster.
717 369 740 408 Et
747 380 771 407 ne

98 448 142 474 nos.
154 437 179 486 ΣΥ.
192 437 280 475 Ostende
293 437 350 475 nobis
366 437 458 475 Domine.
471 435 495 485 Ji.
508 437 635 486 Suscepimus
651 438 703 476 Deus
714 437 772 476 mise-

99 506 200 543 ricordiam
212 512 274 544 tuam.
285 506 308 555 ir.
322 506 352 545 Tu
366 506 471 546 mandasti.
483 503 508 553 it.
518 507 549 545 Tu
561 507 629 545 lavasti
647 507 706 556 pedes
716 506 773 545 disci-

99 576 192 622 pulorum
205 580 293 613 tuorum.
312 573 341 622 m·
355 575 420 624 Opera
432 587 528 614 manuum
548 580 627 614 tuarum
637 576 771 625 nedespicias.

99 644 182 682 Domine
196 645 273 683 exaudi.
287 644 385 683 Dominus
397 645 509 684 vobiscum.
523 645 616 683 Orernus.
633 644 709 684 Adesto
721 657 774 695 quae-

100 724 171 751 sumus
183 714 273 759 Domine,
290 714 359 752 officiis
377 719 450 753 nostrae
468 714 574 759 servitutis,
589 720 608 752 et
620 715 665 763 quia
676 719 698 753 tu
714 715 774 764 pedes

100 783 263 832 lavaredignatus
285 795 306 822 es
320 784 360 822 tuis
372 783 480 832 discipulis,
497 795 556 834 opera
577 795 673 823 rnanuum
694 788 773 822 tuarum

101 863 145 900 quae
155 852 211 890 nobis
224 853 324 890 retinenda
341 853 397 900 (ror.
412 864 421 902 3
435 852 466 904 b)
485 854 596 891 mandasti:
609 858 679 902 praesta
687 858 708 891 ut
723 853 775 892 sicut

101 921 132 959 hie
154 921 248 960 exteriora
271 922 378 960 abluuntur
395 922 551 971 inquinamenta,
565 922 615 960 sica
637 921 664 960 Te
682 923 773 961 omnium

101 994 215 1028 nostrorum
233 992 321 1029 laventur
338 995 424 1040 peccata.
437 991 475 1036 Qu
491 991 541 1030 vivis
558 995 578 1029 et
590 1002 659 1041 regnas
671 1002 716 1030 cum
734 992 775 1029 Deo

102 1060 156 1097 Patre
171 1058 241 1111 etc.(r)

285 1163 336 1197 Cum
349 1164 429 1198 fratres
441 1166 492 1197 sunt
504 1163 583 1198 exituri
596 1158 627 1210 (2)

103 1278 191 1317 dicatur:
205 1277 236 1317 hd
245 1282 264 1316 te
276 1278 337 1317 levavi
348 1279 425 1317 oculosa
436 1277 495 1329 Kyrie
507 1279 531 1317 ei.
553 1277 629 1316 Christe
641 1278 665 1316 el.
678 1277 737 1329 Kyrie
752 1279 776 1316 ei.
788 1274 790 1276 ’

102 1349 157 1386 Pater
168 1352 241 1387 noster.
251 1348 273 1386 Et
285 1359 309 1385 ne
324 1359 368 1387 nos.
384 1346 408 1395 ii.
426 1348 493 1386 Saivos
513 1349 543 1386 iac
560 1359 628 1386 servos
639 1351 692 1386 tuos.
700 1348 777 1399 iniisto

103 1417 130 1455 eis
140 1417 220 1455 domine
229 1416 287 1456 turris
304 1417 431 1457 fortitudinis.
442 1415 466 1464 it.
476 1417 527 1456 Nihil
540 1417 628 1466 proficiat
647 1416 740 1455 inimicus
757 1417 777 1454 in

103 1487 138 1525 eis.
151 1487 235 1525 Domine
247 1487 323 1526 exaudi,
337 1487 435 1526 Dominus
445 1487 556 1526 vobiscum.

129 1556 221 1595 Coiierta.
230 1557 304 1595 Adesto
314 1556 397 1595 Domine
407 1556 585 1606 supplicationibus
596 1556 668 1594 uostris
681 1561 699 1594 et
708 1556 777 1594 itinera

103 1631 123 1665 et
134 1631 190 1665 actus
201 1627 320 1664 famulorum
332 1631 413 1665 tuorum
430 1627 450 1664 in
464 1626 533 1665 saiutis‘
542 1631 581 1665 tuae
593 1625 721 1676 prosperitate
737 1626 777 1664 dis-

104 1708 163 1746 pone,
174 1696 253 1735 utinter
265 1707 336 1734 omnes
346 1696 405 1745 hujus
420 1696 465 1734 vitae
480 1696 584 1752 varietates
595 1699 631 1734 tuo
644 1707 722 1745 semper
733 1707 778 1745 pro-

84 1799 86 1803 ,
104 1770 197 1817 tegantur
206 1766 285 1805 auxilio.
296 1766 331 1804 Per
342 1765 443 1804 Christum
453 1765 562 1804 Dominum
574 1769 673 1805 nostrum.

294 1897 346 1931 Cum
357 1897 437 1930 fratres
449 1898 589 1930 revertuntur

105 2007 193 2045 dicatur:
207 2006 266 2057 iiyrie
276 2007 299 2044 ei,
308 2011 330 2044 ut
342 2017 407 2055 supra.
423 2006 478 2044 Pater
495 2010 569 2043 noster.
583 2004 605 2044 Et
613 2015 637 2043 ne
649 2016 693 2044 nos.
702 2005 719 2055 tr
730 2004 779 2044 .Sai-

106 2088 142 2115 vos
152 2078 187 2114 iac.
200 2075 224 2125 it.
243 2076 361 2114 Convertere
379 2075 462 2114 Domine
475 2086 587 2124 usquequo.
603 2075 686 2113 Domine
701 2074 777 2113 exaudi.

106 2146 203 2185 Dominus
215 2147 325 2185 vobiscum.

133 2216 227 2254 Oremus.
240 2216 381 2265 Omnipotens,
392 2216 511 2265 sempiterne
526 2216 585 2261 Deus,
596 2214 689 2253 miserere
704 2214 734 2253 his
753 2215 781 2252 ia-

131 2387 148 2428 [³)
159 2386 185 2420 Ci.
197 2384 290 2427 Orhuale,
301 2385 339 2418 For.
347 2385 369 2426 46
378 2385 395 2418 b.
405 2395 444 2428 sqq.

131 2447 149 2488 ff)
164 2444 191 2478 Cf.
200 2444 293 2484 Ordinnle,
307 2444 363 2477 Rubn
373 2443 446 2477 XLVII.
