1616 2703
72 129 109 166 322
338 126 484 157 ADNOTATIONES

63 203 109 241 vbris
118 202 231 241 choralibus
244 207 355 242 conventus
365 202 510 251 Burdigalensis
520 201 606 250 ponitur.
618 201 637 239 ln
656 201 747 239 Hibernia

70 294 94 301 -
109 276 128 310 et
140 271 223 320 proinde
240 271 300 310 dubio
313 271 478 320 proculetiamin
488 270 560 318 Angue
572 292 599 298 —
613 274 659 308 ante
673 280 747 307 annum

63 343 121 390 :1458
133 340 250 386 instituitur,
261 339 292 391 (i)
301 352 323 377 ac
345 341 365 377 in
377 340 492 379 universum
510 339 605 377 Ordinem
615 338 714 377 invehitur
728 338 747 377 vi

63 410 141 449 decreti
153 409 237 459 Capituli
251 410 351 448 Generalis
362 409 407 447 anni
420 408 476 458 1564.
528 397 530 400 ’

64 485 67 490 ’
96 480 172 524 Baleus,
188 478 309 518 Trithemius
323 479 395 528 aliique
414 478 517 528 scriptores
535 479 601 528 plures
619 478 706 516 reserum
725 476 747 515 li-

69 550 151 588 brorum
169 549 238 588 titulos
248 560 299 598 quos
314 549 333 587 S.
345 548 414 587 Simon
424 549 485 586 fertur
496 542 607 597 scripsissel
618 548 644 586 Ex
656 548 686 585 his
696 547 747 585 anti-

72 619 145 667 phonee
154 619 177 655 ad
190 619 211 656 B.
224 619 246 656 V.
260 618 340 655 Mariam
350 617 393 656 Flos
403 617 489 656 Carmeli
500 622 519 655 et
533 618 574 654 Ave
585 618 641 655 stella
652 616 748 654 anaatiaa

63 699 116 736 duee
133 688 231 725 habentur
246 687 265 724 in
283 686 378 725 breviario
391 686 541 724 Carmelitarum
553 686 688 724 Calceatorum
701 689 748 723 sunt

66 757 126 796 omni
136 757 196 794 dubio
209 762 285 794 remoto
295 757 337 801 eius
350 767 416 805 opera.
428 756 512 802 Epistola
522 767 569 794 vero
577 757 607 793 vel
614 757 696 804 epistola
704 755 748 804 qui-

64 827 108 865 bus
120 825 198 863 initium
212 825 277 863 Frater
289 825 355 863 Silaion
372 825 472 863 Generalis
484 826 525 874 jam
538 831 628 874 tempore
640 824 697 872 balei,
708 825 747 862 for-

63 896 120 934 -sltan
130 895 193 933 immo
202 900 292 944 tempore
304 895 400 942 lobannis
412 895 480 933 Grossi
489 894 596 943 deperditae
609 899 671 932 erant.
686 894 748 932 Caero-

70 975 103 1003 aes
111 965 173 1002 callos
187 964 250 1002 diuini
262 964 387 1013 probabiliter
399 968 453 1002 erant
466 964 618 1002 constitutiones
630 964 650 1001 in
662 963 747 1012 capitulo

69 1033 191 1072 Messanensi
205 1044 258 1071 anno
271 1044 320 1083 1259
333 1034 388 1072 sactae
399 1032 441 1085 (2);
455 1033 543 1071 Homilioe
557 1045 603 1071 vero
614 1033 638 1071 ed
651 1034 747 1082 populum

71 1114 93 1140 ac
103 1103 150 1140 liber
160 1104 183 1140 de
193 1102 305 1140 Christiana
316 1103 427 1150 poerziteaiia
444 1102 536 1140 videntur
553 1112 656 1151 perperam
672 1100 748 1139 Simoni

70 1171 132 1210 Seeck·
141 1171 245 1221 adscripta,
259 1183 305 1210 cum
326 1172 399 1210 fuerint
412 1171 479 1221 potius
491 1183 543 1221 opus
555 1171 635 1210 alterius
651 1170 746 1215 Simonis
795 1219 796 1223 Ξ

69 1242 119 1279 forte
127 1240 213 1278 Simonis
224 1240 302 1290 Anglicl
311 1241 345 1289 qui
356 1252 409 1279 anno
421 1242 469 1292 1318
485 1241 560 1279 Parisiis
573 1241 657 1289 degebat
675 1238 712 1290 (3).
795 1225 796 1241 ἱ

71 1394 89 1420 et
106 1388 127 1420 ad
149 1387 260 1420 matutinum
279 1388 346 1431 (Incip.
362 1388 438 1420 AEterno
455 1387 493 1430 regi
514 1387 603 1430 Domino)
616 1394 689 1420 auctore
700 1398 749 1430 prae-

72 1446 151 1483 laudato
161 1445 247 1486 llenaldo
261 1446 283 1478 de
297 1444 378 1478 Rosariis
390 1446 481 1478 habentur
494 1446 513 1478 iu
523 1447 587 1479 eodem
602 1445 641 1478 MS.
654 1444 685 1477 fol.
697 1446 728 1478 132
739 1457 748 1477 a

71 1515 110 1547 sqq.
125 1503 196 1537 Publici
205 1503 250 1549 juris
258 1503 292 1538 feei
304 1504 323 1537 in
335 1504 435 1548 appendice
449 1504 508 1548 operis
514 1503 617 1548 L'Ordinrrl
623 1504 644 1538 de
651 1503 713 1537 Sibert
727 1504 749 1537 de
793 1518 795 1536 Ξ,

69 1562 126 1603 Bere,
143 1563 177 1595 vol.
191 1552 226 1595 ’ΧΗ
242 1563 359 1596 bibliothecae
372 1562 461 1606 liturgicae
471 1563 559 1596 Canonici
572 1563 636 1606 Ulyxis
646 1563 748 1595 Clievalier.

74 1619 129 1654 Aliud
142 1620 222 1654 officium
232 1622 337 1664 composuit
352 1622 443 1655 Robertus
459 1622 524 1655 Baleus
541 1621 605 1664 anglus
617 1621 665 1654 circa
680 1632 748 1654 annum
793 1627 795 1664 i

73 1681 117 1713 1500
128 1680 195 1722 (incip.
203 1681 240 1713 Ave
248 1681 311 1713 Simon
324 1689 375 1724 parer
384 1681 456 1724 inclyte]
467 1682 516 1724 quod
525 1682 607 1714 nondum
617 1681 681 1724 reperi.
793 1725 795 1728 y

93 1740 119 1780 (ι)
139 1737 175 1771 Tire
190 1739 292 1772 Kilcornrie
309 1740 381 1780 dlissnl,
398 1740 441 1772 edit.
461 1740 517 1783 Hugh
536 1739 616 1773 Jeekson
633 1740 711 1784 Lnulor,
729 1738 748 1771 in
791 1729 795 1775 i

74 1796 202 1831 Transaclions
213 1801 232 1841 os
244 1798 272 1831 tlte
288 1798 349 1842 Royal
358 1798 407 1831 Irislr
421 1798 522 1843 Academy,
532 1798 601 1831 Dublin
618 1809 666 1843 r9oo.
682 1798 747 1838 XXXI,
791 1782 795 1842 Ξ

72 1855 104 1898 393
113 1866 152 1899 sqq.
160 1855 230 1888 Ibidem
243 1857 320 1889 habetur
331 1858 365 1889 sub
380 1857 399 1889 ib
407 1857 469 1890 Martii
476 1858 527 1898 (sane
538 1868 559 1890 ex
568 1868 629 1890 errore
637 1868 669 1900 pro
678 1858 698 1889 16
708 1858 747 1889 llla-
792 1844 795 1888 i

71 1914 94 1959 ji)
107 1915 127 1947 S,
142 1913 229 1947 Sirnionis
242 1916 351 1958 confessoris
369 1916 444 1949 Ordinis
461 1916 609 1949 Carrnelitarnm.
624 1917 654 1950 IX
664 1917 702 1948 leet,
720 1914 747 1948 Cf.
792 1897 795 1966 Ξ

73 1972 182 2015 opuseulum
193 1983 253 2005 meum
263 1974 290 2006 Le
299 1973 416 2007 ceremonia
424 1975 445 2007 de
452 1974 521 2008 illatae
530 1975 591 2008 Sibert
600 1975 622 2008 de
631 1974 682 2008 Beira
691 1974 709 2007 in
719 1985 749 2017 pe·
792 1969 795 2015 i

72 2031 142 2064 riodico
153 2031 223 2078 belgico
230 2032 264 2065 Les
274 2032 385 2076 Clarorn'qnes
392 2033 415 2066 du
425 2032 501 2067 Carmel
510 2033 609 2079 (Soignies)
621 2033 689 2077 1903-5.
792 2022 794 2029 ¹

94 2092 117 2133 le)
138 2091 198 2134 Supra
209 2091 230 2124 Ρ.
239 2091 279 2124 203.

94 2148 116 2193 (3)
127 2149 185 2193 Supra
199 2150 219 2183 P.
232 2149 272 2183 303.
