1616 2703
73 98 112 138 286
345 108 492 138 nouoranouas

71 184 171 235 provincia
180 184 285 223 Phoeniciae
294 188 313 222 et
323 196 357 234 per
371 195 496 234 consequens
516 184 540 222 de
558 188 599 222 tota
609 183 667 222 Terra
678 183 747 222 Sancta

70 266 153 304 prorsus
165 254 279 293 eradicata»
291 255 299 303 (
314 254 329 307 ).

97 325 184 363 Occursu
194 324 321 373 sequentium
330 329 444 375 temporum
451 325 513 363 semel
519 328 597 363 tantum
607 324 684 363 videtur
693 323 747 362 Ordo

71 406 150 444 operam
158 394 237 433 dedisse
250 394 274 432 ad
290 395 445 445 recuperandum
462 394 584 433 Carmelum.
602 395 628 432 lta
640 393 693 432 enim
708 393 746 443 legi
805 390 806 395 ’

70 465 123 514 apud
140 465 217 503 Baleum
230 464 264 513 qui
273 469 339 503 tamen
349 465 423 502 fontem
445 464 564 503 narrationis
582 473 621 501 non
640 462 745 512 exprimit:
804 455 808 507 J

71 546 83 572 c<
95 534 179 579 Quidam
191 534 276 584 religiosi
291 534 365 573 montis
373 535 425 585 Syon
434 534 541 572 retulerant
553 533 607 583 quod
618 538 703 581 quatuor
715 533 746 571 vel
804 516 806 518 K

71 604 160 654 quinque
169 605 237 642 iratres
246 604 357 643 Carmelitae
364 604 403 643 ltali
412 603 547 654 supplicabant
556 603 639 642 soldano
649 614 684 653 pro
693 614 747 652 repa·
805 608 807 611 ’

70 675 145 713 ratione
157 674 230 712 Montis
242 674 332 719 Carmeli,
344 675 378 712 sed
386 685 425 712 non
435 678 542 723 potuerunt
550 673 569 712 in
579 674 616 712 hoc
629 674 746 723 proficere»
805 686 808 729 ]

69 743 108 795 (2),
121 744 165 782 Non
175 743 221 781 dicit
231 755 271 792 quo
283 755 336 782 anno
348 744 437 793 contigit.

96 815 162 853 Plures
171 825 218 852 vero
230 813 341 852 devotionis
350 824 409 852 causa
420 813 500 852 Terram
510 813 601 852 Sanctam
611 803 708 858 adierunt,
722 823 746 851 ex
803 837 805 869 }

69 884 143 933 quibus
153 889 259 932 sequentes
271 883 296 921 ad
307 895 372 921 meam
382 883 471 922 notitiam
483 888 621 933 pervenerunt.
802 871 808 930 J

93 954 192 1001 lohannes
200 952 302 991 beroensis
311 954 342 990 vel
349 953 498 1002 Andegavehsis
507 952 614 991 Cardinalis
624 952 643 991 S.
654 952 745 1000 Marcelli,

70 1028 168 1073 protector
179 1022 266 1067 Ordinis,
279 1023 310 1073 (3)
322 1021 356 1071 qui
368 1023 454 1071 capitulo
468 1023 554 1072 generali
577 1022 695 1061 obedientiae
706 1022 747 1061 Cle·
802 1009 806 1074 ξ

71 1093 209 1131 mentistarum
221 1103 274 1130 anno
286 1093 335 1143 1384
345 1092 468 1141 praesidebat,
480 1092 545 1130 relicta
554 1092 612 1130 Curia
621 1091 692 1131 dicitur
701 1091 746 1129 Car·
802 1076 804 1090 ’

70 1163 145 1200 melum
157 1161 263 1199 accessisse
275 1161 389 1210 ibidemque
400 1161 482 1199 demum
492 1160 597 1210 quievisse.
801 1205 805 1217 ,

96 1232 160 1269 Frater
172 1231 269 1278 Jordanus
281 1230 305 1268 de
316 1231 396 1269 Mantua
408 1230 487 1268 Terram
503 1231 594 1269 Sanctam
609 1230 695 1269 visitavit
706 1228 744 1281 (4).
802 1268 804 1270 ,

97 1300 187 1339 Nicolaus
194 1300 258 1347 Huen,
267 1299 401 1345 Normmnus,
409 1300 433 1337 de
442 1304 543 1338 conventu
552 1299 619 1338 Pontis
627 1299 744 1345 Audomari,
804 1291 805 1294 ¹

69 1370 140 1408 doctor
162 1368 267 1418 theologiae
286 1368 462 1418 Rhotomagensis
481 1369 554 1419 reginae
572 1369 657 1408 Franciae
671 1369 745 1408 Carolae

70 1439 173 1489 quondam
186 1440 289 1477 consessor
306 1450 328 1476 ac
340 1439 458 1487 capellanus,
472 1439 502 1476 vir
513 1444 553 1477 tam
569 1439 589 1477 in
601 1439 673 1477 divinis
685 1450 745 1488 quam
800 1474 803 1477 .

91 1581 112 1624 {tl
124 1580 195 1624 Specul.
204 1580 283 1613 Carmel.
293 1581 308 1621 l,
318 1580 356 1621 105,
364 1591 383 1612 n.
392 1580 433 1622 448.
445 1580 524 1613 Ecclesia
531 1590 574 1614 vero
587 1591 624 1613 non
636 1580 708 1613 videtur
717 1579 745 1613 in-

69 1640 135 1673 cendio
145 1641 236 1672 destructa
246 1638 302 1672 fuisse
312 1650 353 1672 cum
361 1649 409 1671 anno
420 1639 463 1682 1489
473 1639 574 1672 Gulielmus
581 1640 629 1673 cives
639 1639 746 1673 Harlemen-
799 1652 801 1656 ’

70 1698 94 1731 sis
102 1709 141 1731 eam
151 1698 210 1730 adhuc
217 1697 284 1731 viderit
291 1708 295 1741 ς
303 1697 413 1730 testudinem
423 1697 462 1741 ejus
471 1697 577 1731 interiorem
587 1697 650 1731 retulit
658 1707 696 1730 esse
703 1707 746 1740 ope·

70 1768 89 1791 re
99 1757 179 1790 mosaico
188 1756 290 1800 depictam:
301 1755 345 1789 dlxii
355 1766 392 1789 non
402 1755 468 1790 vidisse
478 1767 496 1790 se
505 1757 599 1801 majorem.
610 1757 682 1799 Specul.
701 1755 745 1789 Car·

70 1816 112 1849 mel.
125 1817 140 1858 l,
153 1816 192 1857 261,
200 1825 218 1848 n.
231 1825 281 1859 1079.

91 1875 120 1917 (a)
129 1875 168 1908 MS.
182 1874 252 1917 Bodley
261 1874 290 1917 73,
300 1872 331 1907 fol.
344 1885 363 1918 17
372 1874 390 1907 b.
798 1901 802 1906 .

90 1933 120 1975 (3)
129 1931 168 1965 MS.
178 1931 248 1975 Harley
257 1931 306 1974 1819,
314 1931 346 1964 fol.
354 1932 375 1974 87
382 1932 400 1966 b.
409 1944 416 1963 n
424 1933 448 1966 Et
454 1932 528 1976 quidam
535 1933 582 1967 alius
590 1932 709 1977 (Cardinalis)
715 1934 746 1978 qui
798 1945 800 1949 ·

68 1999 153 2035 tempore
162 1989 265 2023 schismatis
271 1989 345 2023 accessit
352 1990 376 2023 ad
385 1989 489 2024 Carmelum
497 1999 514 2024 et
521 1990 547 2025 ibi
553 1991 604 2025 obiit.
615 2004 623 2023 n
631 1992 702 2026 Ibidem
709 1993 745 2036 (fol.

68 2051 88 2084 81
98 2050 120 2093 b)
129 2060 171 2083 eum
179 2049 304 2082 Raimundum
312 2050 425 2082 Burcensent
435 2057 488 2083 vocat
497 2057 514 2083 et
522 2050 596 2084 Ordinis
606 2051 746 2085 Carmelitarum
796 2069 800 2096 l

68 2109 125 2142 fuisse
140 2108 213 2150 asserit3
223 2107 343 2151 probabiliter
360 2115 399 2141 erat
415 2107 508 2142 confrater
525 2108 606 2142 Ordinis.
622 2109 661 2143 MS.
678 2110 747 2154 Harley
796 2130 800 2157 ξ

70 2167 122 2210 3838,
132 2167 163 2199 fol.
174 2176 207 2210 190
215 2178 231 2199 a.

92 2227 114 2269 (4)
125 2226 165 2259 MS.
177 2225 246 2269 Bodley
256 2225 284 2269 73,
291 2225 322 2258 lol.
334 2235 368 2258 120
377 2226 394 2258 b.
406 2225 521 2259 Bibliotheca
532 2225 655 2260 Carmelitana
664 2227 697 2271 (ll,
706 2228 745 2270 150)
795 2214 800 2278 {g

70 2284 136 2319 asserit
148 2295 189 2329 euru
197 2295 245 2317 anno
256 2284 299 2327 1486
307 2294 348 2316 cum
357 2284 366 2317 J
368 2284 441 2317 ohanne
451 2284 513 2329 Fritag
518 2286 540 2318 de
550 2285 673 2329 Dusseldorpa
682 2293 700 2320 et
710 2286 745 2320 Pe·

71 2351 99 2377 tro
111 2342 165 2376 Fabri
180 2342 293 2376 Palaestinam
306 2342 394 2376 visitasse.
405 2342 433 2375 Cf.
445 2343 543 2387 Speculum
556 2343 636 2378 Carmel.
649 2345 663 2378 l.
673 2345 712 2386 261,
725 2355 743 2378 n.

73 2413 123 2446 1079.
