1616 2703
61 79 99 132 236
294 92 367 122 nnossr
377 86 491 122 'carnosos
503 86 505 90 ’

58 167 201 207 conscribendo
212 179 265 207 novo
274 169 363 218 catalogo
372 168 462 208 Priorum
471 169 596 208 Generalium
609 168 643 219 qui
652 173 705 208 extat
714 168 734 208 in

58 236 108 275 libro
121 238 243 276 Virr'darirmr
255 238 354 277 intitulato
366 238 463 277 adhibuit.
497 262 499 265 .

84 337 135 390 (MS.
148 341 217 392 Harley
230 343 278 391 1819
290 342 325 380 fol.
342 341 437 390 royallsti
447 346 493 380 sunt
504 341 577 391 priores
586 342 688 390 generales
698 342 735 380 Or-

58 408 110 447 dinis
119 410 181 448 nostri
190 410 214 448 de
226 411 298 460 quibus
311 411 359 448 mibi
368 410 427 448 Fratri
439 410 523 458 johanni
538 411 614 462 Grossy
628 411 688 460 priori
700 422 734 460 ge-

59 479 118 517 nerali
127 479 237 529 aliqualiter
248 484 333 526 constat,
344 480 388 518 licet
398 480 464 529 plures
473 479 503 517 alil
514 485 665 529 praecesserunt.

85 549 149 587 Frater
161 549 236 589 Alanus
246 549 302 599 cujus
312 550 468 588 anniversarium
481 548 571 599 signatur
580 550 610 588 Xll
619 549 649 587 die
659 549 734 587 mensis
806 574 807 577 =

58 619 176 658 Novembris
195 621 214 658 in
237 621 354 659 Kalendario
373 622 455 670 antiquo
474 621 574 660 Ordinalis
593 621 613 659 in
634 626 734 660 conventu
805 662 807 670 .

59 693 128 727 nostro
143 689 237 728 Coloniae.

84 759 149 797 Frater
158 759 233 810 Symon
245 759 305 798 Stoclr
317 760 341 798 de
353 761 452 810 provincia
462 760 540 811 Angliae
553 760 587 809 qui
603 761 693 810 sepultus
706 765 735 798 est

58 828 179 878 Burdegaliae
196 834 215 868 et
228 829 296 868 claruit
312 829 381 868 multis
399 829 505 875 miraculis,
527 829 576 868 obiit
599 827 622 867 16
639 829 670 867 die
689 829 734 878 Maji

59 903 118 948 prout
144 903 223 938 notatur
245 899 266 937 in
290 899 408 938 Kalendario
436 899 535 938 Ordinalis
559 903 670 938 conventus
694 900 735 937 Au·
801 900 804 905 ’

61 970 146 1019 raynte(
161 968 176 1020 ).

85 1038 149 1076 Frater
158 1038 249 1078 Nicolaus
261 1040 318 1089 culus
330 1038 487 1078 anniversarium
500 1038 591 1088 signatur
606 1038 626 1077 in
639 1038 734 1088 predicto

58 1107 176 1146 Kalendario
185 1119 211 1159 29
221 1108 252 1147 die
261 1108 336 1147 mensis
346 1108 427 1158 Aprilis.

85 1176 134 1228 (Fol.
149 1179 208 1227 ro7b)
217 1178 282 1216 Frater
291 1178 406 1227 Radulphus
419 1178 443 1215 de
456 1177 554 1227 provincia
566 1177 674 1216 Alenraniae
687 1178 736 1215 rexlt
803 1167 807 1213 ἶ

60 1257 95 1295 per
106 1252 146 1285 tres
158 1258 221 1286 annos
235 1252 254 1285 et
266 1247 380 1297 resignavit.
394 1246 470 1285 Deinde
482 1247 549 1296 posuit
564 1257 584 1285 se
599 1258 635 1296 pro
647 1252 736 1285 contem·

59 1315 144 1365 platione
153 1321 173 1354 et
181 1317 287 1356 devotione
296 1316 316 1355 in
326 1322 427 1355 conventu
437 1316 524 1355 Alnevici
532 1316 639 1365 provinciae
648 1316 734 1366 Angliae,

58 1391 78 1424 et
88 1386 114 1424 ibi
124 1387 215 1436 sepultus
224 1392 261 1433 est,
273 1388 296 1425 de
305 1399 345 1436 quo
355 1388 438 1425 babetur
447 1386 466 1424 in
476 1386 653 1425 constitutionibus
662 1386 703 1425 scil.
714 1386 733 1424 in
802 1391 808 1411 -’

58 1457 121 1494 torma
131 1457 256 1506 perfectionis
268 1456 346 1506 capituli
358 1457 479 1507 Burdegaliae
488 1457 578 1494 celebrati
589 1467 641 1494 anno
653 1455 733 1495 Domini

63 1537 110 1575 1273
122 1532 141 1564 et
150 1531 198 1565 sunt
207 1527 227 1565 in
238 1527 291 1565 dicto
301 1531 409 1565 conventu.

85 1595 150 1633 Frater
158 1596 226 1634 Petrus
238 1596 262 1633 de
275 1596 373 1634 Amiliano
390 1596 440 1634 rexit
456 1606 489 1645 per
505 1607 527 1646 19
544 1607 609 1634 annos
623 1600 642 1633 et
659 1595 697 1634 tuit
711 1595 735 1633 de
798 1580 802 1627 s

59 1665 158 1715 provincia
169 1666 268 1704 Narbonae
280 1671 300 1703 et
311 1666 335 1703 de
347 1671 446 1703 conventu
458 1665 551 1703 Amiliani
561 1666 589 1703 &c
600 1663 653 1715 (sic).
802 1647 804 1649 ι

85 1736 149 1773 Frater
161 1736 292 1786 Rayrnundus
302 1736 326 1773 de
335 1736 399 1774 insula
411 1735 435 1773 de
443 1734 543 1784 provincia
553 1733 607 1785 (quae
620 1745 674 1773 nunc
686 1734 736 1772 Tho·

60 1806 101 1843 losa
111 1804 190 1854 dicitur)
200 1816 240 1843 non
252 1804 359 1853 complevit
368 1808 407 1843 tres
424 1815 495 1852 annos,
506 1805 595 1854 sepultus
605 1809 635 1842 est
643 1803 736 1843 Tholosae
800 1806 802 1818 ³

60 1875 80 1913 in
92 1879 198 1913 conventu.
797 1925 799 1931 y

86 1944 150 1982 Frater
162 1943 261 1982 Gerardus
271 1944 295 1982 de
307 1944 408 1993 provincia
417 1948 435 1981 et
443 1947 543 1982 conventu
555 1943 649 1982 Bononiae
659 1943 736 1992 primus
796 1943 800 1984 i

59 2014 153 2063 magister
164 2014 184 2052 in
196 2014 295 2064 theologia
306 2013 389 2058 Parisiis,
403 2013 452 2052 rexit
463 2013 521 2051 annis
532 2014 566 2052 XX
575 2017 593 2051 et
605 2013 696 2062 sepultus
706 2017 736 2051 est
796 2026 801 2066 ,ᾗ

59 2084 79 2121 in
92 2083 197 2132 Avinione,
215 2083 332 2133 vacavitque
350 2083 473 2133 generalatus
491 2094 612 2132 perannum
631 2087 650 2120 et
666 2094 735 2131 parum
794 2094 800 2138 ]

60 2154 114 2203 plus.
793 2200 794 2204 Ἰ

87 2223 180 2272 Magister
191 2224 249 2261 frater
261 2223 325 2262 Guido
344 2224 393 2262 rexit
410 2235 479 2273 parum
494 2223 562 2261 minus
574 2234 634 2272 quarn
648 2233 681 2272 per
696 2227 735 2260 tres

61 2303 131 2331 annos.
142 2292 193 2332 Nam
209 2293 322 2332 luitnotus
337 2293 444 2344 episcopus
457 2292 597 2340 Majoricensis‚
612 2297 631 2330 et
645 2292 736 2342 sepultus

84 2393 105 2438 (Ι)
121 2393 208 2440 Orange?
225 2436 231 2442 μ
