1631 2703
101 141 127 180 50
359 133 520 172 cousrrrurrones

99 216 169 254 ordine
181 228 216 254 nee
228 221 341 265 expectetur
351 217 392 255 dies
407 229 447 266 quo
460 217 475 255 si
485 216 555 255 habilis
568 217 623 261 foret,
634 219 686 255 esset
695 217 720 255 ad
730 228 775 267 pro-

98 285 204 323 fessionem
217 287 360 325 admittendus.
374 287 408 324 Per
418 288 468 324 liene
478 291 544 324 autem
557 285 699 324 ordinationem
712 286 777 324 inten-

99 354 165 393 dimus
177 367 278 393 oecurrere
293 356 379 405 periculo
397 356 452 404 quod
466 355 515 393 circa
528 355 614 393 novitios
627 356 775 404 professrmdos,

100 424 133 462 ubi
145 424 266 463 novitiorum
279 425 357 463 habitus
366 425 417 463 idem
428 429 458 463 est
465 429 484 462 et
493 425 636 474 professorum,
647 417 671 463 err
680 425 778 464 constitu-

99 493 154 531 tione
166 494 257 532 imminet
271 494 347 532 concilii
359 494 478 533 Viennensis
486 492 517 546 (r)
527 505 545 544 3.
558 494 598 532 Nec
617 493 688 543 aliquis
698 494 722 532 ad
731 506 777 544 pro·
794 544 796 546 Ι

99 563 206 600 sessionem
216 564 331 601 admittatur
343 564 381 601 nisi
393 563 417 601 de
432 564 495 602 salute
504 564 576 601 animae
585 574 627 601 suae
639 563 664 601 sit
680 563 776 602 sollicitus

99 637 118 669 et
126 632 218 670 devotus.
231 643 251 680 4.
263 631 309 671 item
321 632 449 682 prohibemus
459 632 478 670 in
491 632 563 671 virtute
577 636 650 670 sanctie
661 632 778 671 obedientiae

101 712 125 738 ne
137 701 208 750 aliquis
220 701 323 751 recipiatur
337 702 362 740 ad
373 701 518 751 professionem
531 702 581 739 inira
592 705 670 739 aetatem
689 701 731 740 XlV
742 713 777 740 an-

101 781 181 814 norum,
195 776 214 809 et
228 771 265 809 nisi
277 771 335 809 fuerit
346 772 366 809 in
379 771 447 809 ordine
459 776 528 809 nostro
540 782 575 819 per
589 781 664 808 annum
677 771 775 819 integrum

101 840 238 888 computando
249 852 261 877 a
271 840 366 878 Kalendis
382 845 401 878 et
414 851 455 878 non
470 853 480 878 a
497 832 551 878 festis
566 839 683 878 mobilibus.
701 840 776 878 Priores

102 906 168 945 autem
179 908 299 946 contrarium
313 908 405 946 facientes
416 909 460 957 ipso
473 901 522 946 farto
535 913 583 947 sunt
595 908 687 956 suspensi
699 908 723 946 de
734 909 777 957 jure

100 977 125 1014 ab
133 981 177 1015 actu
195 977 244 1015 alios
261 977 392 1026 professandi
410 977 448 1022 Qu
463 977 479 1016 si
492 988 532 1015 non
549 977 615 1015 habita
629 969 776 1026 dispensatione

100 1047 160 1084 alium
171 1047 330 1095 professaverint,
342 1047 385 1096 ipso
396 1047 446 1085 facto
458 1052 505 1085 sunt
516 1046 681 1086 excommunicati
693 1047 774 1096 dejure,

101 1121 119 1154 et
131 1104 262 1154 nibilominus
271 1117 365 1155 volumus
377 1116 431 1165 quod
447 1115 576 1155 absolvantur
586 1116 610 1154 ab
622 1115 687 1154 officio
702 1107 777 1165 priora-

100 1189 150 1223 tuse

101 1263 103 1266 ’
130 1265 148 1304 5.
172 1255 223 1293 Cum
247 1266 294 1293 vero
313 1259 393 1303 tempus
413 1254 544 1304 professionis
564 1254 647 1304 alicujus
669 1254 776 1301 advenerit,

102 1313 190 1362 novitius
199 1312 283 1362 vestitus
289 1323 356 1362 tunica
364 1323 406 1362 sine
413 1322 508 1372 scapulari
515 1327 534 1361 et
541 1334 609 1372 cappa,
618 1327 656 1361 stet
665 1322 685 1361 in
692 1316 778 1372 praesen-

102 1392 128 1431 tia
140 1392 264 1441 praesidentis
276 1398 295 1431 et
304 1397 422 1438 conventus,
436 1397 455 1431 et
465 1392 575 1442 requiratur
586 1393 610 1430 ab
623 1403 646 1431 eo
654 1392 706 1431 sicut
718 1403 778 1441 supra

101 1461 215 1500 denovitiis
224 1467 255 1501 est
266 1473 391 1512 expressum.
406 1462 444 1508 Qri
457 1462 473 1500 si
487 1461 652 1511 impedimentum
666 1473 705 1500 non
718 1461 779 1511 patia-

102 1537 135 1570 tur
145 1520 201 1570 nexis
211 1532 296 1581 genibus
305 1536 367 1581 ponat
378 1542 450 1570 manus
461 1530 511 1581 (ror.
525 1530 570 1582 r5b)
581 1531 633 1569 inter
642 1542 714 1569 manus
726 1538 777 1580 prae÷

100 1586 185 1639 ‘sidentis
197 1606 216 1639 et
228 1601 290 1639 dicat:
303 1600 411 1651 Egoft’ater
422 1600 447 1640 N.
452 1600 505 1650 secio
515 1601 648 1650 professionem
659 1598 775 1647 etpromr'tto

103 1670 227 1708 obedientiam
238 1671 279 1708 Deo
291 1672 310 1708 et
320 1671 377 1708 braim
389 1671 457 1708 mmm
466 1672 489 1707 de
503 1670 566 1708 Monte
578 1661 664 1708 Carmeli
675 1656 738 1707 et'trm
743 1664 775 1719 frss

103 1740 128 1779 N.
140 1740 205 1788 priori
215 1740 396 1790 gerremlrfimrmmi
412 1740 486 1778 ordinis·
503 1740 561 1777 mam
584 1739 652 1777 Mariae
671 1741 693 1776 de
712 1740 777 1776 Monte

104 1809 190 1847 Carmeli
197 1807 270 1859 tuisque
277 1810 414 1847 successoribus
424 1811 525 1847 secrrrrdrrm
533 1810 618 1858 regillam
625 1808 714 1855 predicti
723 1809 777 1846 ordi-

100 1879 132 1916 nis
146 1889 205 1928 risque
217 1880 243 1926 od
253 1881 338 1916 mortem.
351 1878 370 1915 Si
382 1883 448 1915 autern
460 1878 517 1915 alicui
529 1877 583 1915 alteri
595 1889 655 1925 quam
671 1877 730 1926 priori
742 1889 777 1926 ge-

102 1948 162 1985 nerali
180 1936 276 1997 professio
293 1947 351 1985 fuerit
362 1947 448 1984 facienda
456 1951 505 1985 tunc
517 1947 591 1984 dicatur
609 1946 648 1984 sic:
667 1946 704 1995 Ego
711 1947 777 1996 frater

101 2017 129 2056 N.
139 2017 193 2065 facio
208 2016 342 2066 professiorrerrr
362 2020 381 2054 et
393 2015 484 2064 promitto
499 2016 622 2053 obedientiarii
634 2016 674 2053 Deo
690 2017 709 2054 et
719 2016 777 2053 beate

124 2175 144 2215 [Ι]
159 2176 196 2208 Eos
206 2175 237 2218 qui
244 2175 330 2218 deinceps
340 2174 358 2207 in
370 2174 486 2208 discretionis
496 2173 590 2207 constituti
600 2174 776 2222 aetatemovitiorum

101 2233 185 2267 habitum
203 2234 222 2266 in
240 2234 300 2277 aliqua
319 2233 408 2276 religione
422 2244 455 2276 per
467 2243 534 2265 annum
547 2232 667 2276 portaverint,
683 2232 723 2266 hoe*
739 2233 777 2276 ipso

101 2291 208 2335 religionem
216 2291 265 2325 iilam
273 2291 388 2325 decernimus
396 2301 435 2324 esse
442 2290 540 2335 professos,
547 2291 582 2324 nisi
590 2290 695 2334 hujusmodi
704 2284 777 2324 habitus

101 2350 120 2383 in
128 2352 194 2390 colore,
203 2351 281 2384 scissura
288 2352 316 2385 rel
323 2352 381 2384 formu
387 2361 405 2383 se
419 2349 523 2383 distinctum
532 2358 614 2394 patenter
624 2349 711 2384 exhibeat
718 2351 740 2383 ab
748 2350 778 2383 ha-

101 2410 140 2443 bitu
152 2409 283 2454 professorum.
297 2410 317 2443 C.
328 2421 337 2442 2
350 2411 372 2442 de
381 2409 459 2453 regular.
470 2409 517 2443 inter
529 2409 620 2443 Clemeut.
