1631 2703
100 131 122 170 16
398 143 472 172 REGULA

97 228 156 271 suum
176 230 184 254 a
205 218 375 266 peccanseornm,
393 217 473 256 Gladius
486 223 551 256 autern
568 218 648 267 spiritus
669 218 723 266 quod
741 221 770 254 est

96 286 184 323 Verbum
197 287 238 333 Dei,
255 288 378 325 abundanter
388 287 462 324 habitet
474 287 496 338 in
505 299 546 331 ore,
559 292 578 325 et
589 287 607 324 in
620 287 713 325 cordibus
727 296 771 338 ves-

96 355 143 393 tris:
154 361 173 393 et
183 367 314 404 quaecumque
321 355 378 393 vobis
390 355 465 404 agenda
476 356 548 393 suntin
555 356 619 393 Verbo
628 355 769 393 Dominifiant.

266 472 293 511 Dr
305 483 364 510 oreae
376 473 470 511 Fnarnun
481 483 505 510 nr
517 483 596 511 annone,

123 589 239 627 Faciendum
252 594 281 626 est
291 590 346 627 vobis
358 590 431 637 aliquid
441 589 505 638 operis
515 594 537 627 ut
548 601 627 638 semper
636 600 672 627 ros
679 589 769 627 diabolus

96 658 183 696 inveniat
194 664 307 707 occupatos,
319 670 343 695 ne
362 670 386 696 ex
395 658 493 696 otiositate
505 663 569 696 vestra
581 658 666 706 aliquem
685 658 770 696 intrandi

97 728 171 766 aditum
190 728 214 765 ad
225 728 300 765 animas
321 734 396 766 vestras
409 730 470 766 valeat
485 728 580 766 invenire.
594 728 674 766 Habetis
694 729 714 766 in
734 729 771 766 hoc

97 796 148 833 beati
159 796 212 834 Pauli
221 797 305 845 apostoli
315 796 451 845 magisterium
461 796 532 845 pariter
544 802 563 834 et
577 797 698 845 exemplum,
712 796 731 834 in
741 807 772 834 cu-

97 867 127 909 ius
137 878 171 903 ore
183 866 274 904 Christus
288 866 413 914 loquebatur,
427 866 460 914 qui
473 866 550 915 positus
563 871 593 904 est
610 872 628 904 et
640 867 698 905 datus
710 877 720 904 a
731 866 771 904 Deo

96 935 211 983 praedicator
223 941 242 973 et
257 936 325 973 doctor
337 935 433 984 gentium,
448 934 466 972 in
477 935 514 973 side
527 940 546 972 et
563 935 656 973 veritate:
676 947 736 983 quem
755 936 771 973 si

96 1005 156 1042 secuti
169 1004 244 1043 fueritis
254 1016 294 1042 non
307 1004 395 1054 poteritis
405 1004 501 1043 oberrare.
515 1005 535 1042 ln
547 1004 619 1048 labore,
630 1004 701 1053 inquit,
715 1009 735 1042 et
744 1005 772 1042 fa-

95 1074 191 1123 tigatione
202 1074 277 1112 fuimus
287 1074 337 1111 inter
349 1085 392 1118 vos,
407 1078 463 1112 nocte
475 1079 494 1111 et
507 1073 537 1111 die
552 1079 662 1122 operantes,
675 1085 699 1111 ne
712 1086 771 1123 quem

97 1148 185 1181 vestrum
198 1154 333 1192 gravaremus,
348 1154 387 1181 non
398 1143 454 1192 qnasi
467 1154 507 1181 non
517 1154 554 1181 nos
568 1143 696 1181 habuerimus
706 1147 771 1192 potes,-

96 1219 163 1257 tatem‚
178 1213 210 1250 sed
224 1218 246 1251 ut
256 1213 390 1261 nosmetipsos
411 1214 494 1250 fornaain
508 1213 599 1251 daremus
613 1213 677 1258 vobis,
695 1213 720 1250 ad
731 1212 773 1251 imi-

97 1283 180 1320 tandum
194 1293 237 1320 nos.
251 1282 300 1320 Nam
313 1294 358 1320 cum
371 1293 461 1321 essemus
470 1282 522 1331 apud
534 1293 577 1327 vos,
597 1284 634 1320 hoc
646 1283 772 1321 denuntiaba-

98 1362 143 1390 mus
155 1351 219 1399 vobis‚
229 1351 322 1401 quoniam
332 1352 348 1390 si
358 1352 403 1400 quis
413 1363 452 1390 non
469 1352 512 1389 vult
520 1352 595 1400 operari
607 1349 647 1390 non
658 1352 770 1390 manducet.

98 1421 217 1459 Audivimus
227 1420 279 1458 enim
290 1422 340 1459 inter
349 1432 386 1459 vos
396 1421 492 1470 quosdam
505 1421 629 1459 ambulantes
639 1420 732 1470 inquiete,
744 1422 773 1459 ni-

98 1491 123 1528 nil
133 1495 243 1539 operantes.
255 1491 289 1529 His
300 1495 366 1528 nutem
380 1491 413 1539 qui
425 1491 523 1537 ejusmodi
534 1496 581 1529 sum
594 1491 735 1530 denuntiamus
754 1496 774 1529 et

97 1561 225 1598 obsecramus
235 1560 254 1597 in
267 1560 404 1607 DominoJesu
412 1559 497 1604 Christo,
509 1566 530 1597 ut
542 1571 588 1598 cum
599 1560 677 1598 silentio
689 1572 773 1609 operan-

98 1636 134 1675 tes,
146 1641 205 1667 suum
223 1641 294 1678 panem
307 1630 434 1667 manducent.
450 1630 496 1667 Haec
507 1628 537 1667 via
549 1630 602 1667 bona
614 1634 633 1666 et
645 1635 718 1684 sancta,
732 1641 774 1667 arna-

99 1701 164 1738 bulate
177 1699 196 1737 in
207 1711 235 1736 ea.
515 1701 517 1705 '

314 1816 342 1854 Dr
354 1827 437 1855 surmio
457 1817 557 1855 Faarnun.

126 1934 258 1973 Commendat
270 1939 335 1973 autem
346 1933 561 1984 Apostolussiientium
572 1945 616 1971 eum
626 1933 646 1971 in
656 1945 679 1972 eo
688 1934 774 1983 praecipit

100 2004 230 2053 operandum.
249 2004 271 2042 Et
287 2004 457 2052 quemadmodum
476 2005 570 2053 propheta
592 2008 682 2048 testatur,
702 2003 773 2042 Cultus

99 2073 179 2121 justitiae
191 2074 290 2112 sitentium
303 2080 340 2112 est.
351 2074 373 2112 Et
383 2085 464 2112 rursus:
478 2075 497 2111 in
510 2072 587 2111 silentio
595 2078 614 2110 et
626 2084 661 2121 spe
673 2073 709 2110 erit
721 2073 775 2110 torti-

99 2144 148 2181 tudo
161 2148 232 2181 vestra.
250 2144 334 2192 ideoque
346 2143 452 2181 statuimus
464 2148 487 2181 ut
504 2143 555 2181 dicto
567 2141 703 2191 Coraapreaono
716 2142 774 2180 silen-

98 2213 148 2250 tium
161 2213 242 2251 teneatis
251 2225 313 2261 usque
327 2213 351 2250 ad
364 2213 448 2251 Primam
461 2213 532 2250 dictam
549 2211 651 2260 sequentis
663 2211 708 2249 diei.
730 2212 774 2250 Alio

99 2294 145 2320 vero
157 2287 253 2331 tempore,
265 2282 308 2320 lieet
323 2283 394 2320 silentii
405 2294 446 2326 non
465 2282 558 2319 habeatur
572 2281 697 2319 observantia
710 2285 771 2326 tanta,

99 2351 214 2402 diligentius
229 2356 295 2390 tamen
314 2364 324 2389 a
344 2352 470 2401 multiloquio
488 2356 586 2389 caveatur.
605 2351 705 2396 Quoniam
725 2350 775 2389 sicut

100 2421 195 2471 seriptum
208 2426 238 2460 est
247 2427 266 2460 et
278 2433 318 2459 non
331 2421 398 2460 minus
407 2421 525 2471 experientia
535 2421 591 2458 docet
600 2432 604 2458 :
613 2420 637 2468 ‘ln
648 2420 774 2470 multiloquio
