<?xml version="1.0" encoding="UTF-8"?>
<!DOCTYPE html PUBLIC "-//W3C//DTD XHTML 1.0 Transitional//EN"
    "http://www.w3.org/TR/xhtml1/DTD/xhtml1-transitional.dtd">
<html xmlns="http://www.w3.org/1999/xhtml" xml:lang="en" lang="en">
 <head>
  <title>
</title>
<meta http-equiv="Content-Type" content="text/html;charset=utf-8" />
  <meta name='ocr-system' content='tesseract 3.04.00' />
  <meta name='ocr-capabilities' content='ocr_page ocr_carea ocr_par ocr_line ocrx_word'/>
</head>
<body>
  <div class='ocr_page' id='page_1' title='image "MN5087ucmf_2_0300.png"; bbox 0 0 1616 2703; ppageno 0'>
   <div class='ocr_carea' id='block_1_1' title="bbox 74 105 488 150">
    <p class='ocr_par' dir='ltr' id='par_1_1' title="bbox 74 105 488 150">
     <span class='ocr_line' id='line_1_1' title="bbox 74 105 488 150; baseline 0 -11"><span class='ocrx_word' id='word_1_1' title='bbox 74 105 112 150; x_wconf 71' lang='lat'>284</span> <span class='ocrx_word' id='word_1_2' title='bbox 342 111 488 140; x_wconf 79' lang='lat' dir='ltr'>anuorarroues</span> 
     </span>
    </p>
   </div>
   <div class='ocr_carea' id='block_1_2' title="bbox 73 186 749 306">
    <p class='ocr_par' dir='ltr' id='par_1_2' title="bbox 73 173 808 306">
     <span class='ocr_line' id='line_1_2' title="bbox 73 186 749 237; baseline 0.001 -13"><span class='ocrx_word' id='word_1_3' title='bbox 73 199 118 225; x_wconf 89' lang='lat' dir='ltr'>nem</span> <span class='ocrx_word' id='word_1_4' title='bbox 137 187 251 237; x_wconf 81' lang='lat' dir='ltr'>recipientes</span> <span class='ocrx_word' id='word_1_5' title='bbox 263 187 282 225; x_wconf 93' lang='lat' dir='ltr'>in</span> <span class='ocrx_word' id='word_1_6' title='bbox 302 186 384 225; x_wconf 91' lang='lat' dir='ltr'>diversis</span> <span class='ocrx_word' id='word_1_7' title='bbox 402 186 487 224; x_wconf 83' lang='lat' dir='ltr'>Franciae</span> <span class='ocrx_word' id='word_1_8' title='bbox 498 190 517 224; x_wconf 91' lang='lat' dir='ltr'>et</span> <span class='ocrx_word' id='word_1_9' title='bbox 526 186 648 225; x_wconf 85' lang='lat' dir='ltr'>Alemanniae</span> <span class='ocrx_word' id='word_1_10' title='bbox 660 186 749 236; x_wconf 86' lang='lat' dir='ltr'>partibus</span> 
     </span>
     <span class='ocr_line' id='line_1_3' title="bbox 74 254 669 306; baseline -0.002 -11"><span class='ocrx_word' id='word_1_11' title='bbox 74 258 192 296; x_wconf 88' lang='lat' dir='ltr'>monasteria</span> <span class='ocrx_word' id='word_1_12' title='bbox 204 257 234 296; x_wconf 86' lang='lat' dir='ltr'>sui</span> <span class='ocrx_word' id='word_1_13' title='bbox 244 257 324 295; x_wconf 80' lang='lat' dir='ltr'>Ordinis</span> <span class='ocrx_word' id='word_1_14' title='bbox 337 255 429 306; x_wconf 88' lang='lat' dir='ltr'>paulatim</span> <span class='ocrx_word' id='word_1_15' title='bbox 440 261 602 295; x_wconf 84' lang='lat' dir='ltr'>construxerunt.</span> <span class='ocrx_word' id='word_1_16' title='bbox 614 254 669 305; x_wconf 83' lang='grc'>»(1)</span> 
     </span>
    </p>
   </div>
   <div class='ocr_carea' id='block_1_3' title="bbox 73 324 807 377">
    <p class='ocr_par' dir='ltr' id='par_1_3' title="bbox 73 324 807 377">
     <span class='ocr_line' id='line_1_4' title="bbox 73 324 807 377; baseline -0.003 -13"><span class='ocrx_word' id='word_1_17' title='bbox 73 350 75 353; x_wconf 84' lang='lat'>.</span> <span class='ocrx_word' id='word_1_18' title='bbox 100 327 159 364; x_wconf 85' lang='lat' dir='ltr'>Anno</span> <span class='ocrx_word' id='word_1_19' title='bbox 173 325 218 364; x_wconf 75' lang='lat'>1261</span> <span class='ocrx_word' id='word_1_20' title='bbox 231 326 297 375; x_wconf 87' lang='lat' dir='ltr'>plures</span> <span class='ocrx_word' id='word_1_21' title='bbox 306 326 393 364; x_wconf 85' lang='lat' dir='ltr'>ecclesiae</span> <span class='ocrx_word' id='word_1_22' title='bbox 407 325 487 363; x_wconf 91' lang='lat' dir='ltr'>Ordinis</span> <span class='ocrx_word' id='word_1_23' title='bbox 500 325 519 363; x_wconf 92' lang='lat' dir='ltr'>in</span> <span class='ocrx_word' id='word_1_24' title='bbox 534 325 635 364; x_wconf 85' lang='lat' dir='ltr'>Palaestina</span> <span class='ocrx_word' id='word_1_25' title='bbox 647 324 719 377; x_wconf 85' lang='lat' dir='ltr'>(Syria)</span> <span class='ocrx_word' id='word_1_26' title='bbox 730 330 750 364; x_wconf 87' lang='lat' dir='ltr'>et</span> <span class='ocrx_word' id='word_1_27' title='bbox 805 324 807 362; x_wconf 86' lang='lat' dir='ltr'>l</span> 
     </span>
    </p>
   </div>
   <div class='ocr_carea' id='block_1_4' title="bbox 73 386 807 584">
    <p class='ocr_par' dir='ltr' id='par_1_4' title="bbox 73 386 807 584">
     <span class='ocr_line' id='line_1_5' title="bbox 73 386 807 448; baseline 0 -15"><span class='ocrx_word' id='word_1_28' title='bbox 73 395 138 446; x_wconf 88' lang='lat' dir='ltr'>Cypro</span> <span class='ocrx_word' id='word_1_29' title='bbox 146 396 170 433; x_wconf 93' lang='lat' dir='ltr'>de</span> <span class='ocrx_word' id='word_1_30' title='bbox 177 408 229 434; x_wconf 93' lang='lat' dir='ltr'>novo</span> <span class='ocrx_word' id='word_1_31' title='bbox 238 395 338 434; x_wconf 79' lang='lat' dir='ltr'>aedificatae</span> <span class='ocrx_word' id='word_1_32' title='bbox 345 396 375 432; x_wconf 88' lang='lat' dir='ltr'>vel</span> <span class='ocrx_word' id='word_1_33' title='bbox 384 395 452 433; x_wconf 89' lang='lat' dir='ltr'>saltem</span> <span class='ocrx_word' id='word_1_34' title='bbox 463 400 562 437; x_wconf 80' lang='lat' dir='ltr'>renovatae</span> <span class='ocrx_word' id='word_1_35' title='bbox 569 395 748 448; x_wconf 82' lang='lat' dir='ltr'>dedicandaeerant,</span> <span class='ocrx_word' id='word_1_36' title='bbox 805 386 807 433; x_wconf 86' lang='lat' dir='ltr'>l</span> 
     </span>
     <span class='ocr_line' id='line_1_6' title="bbox 73 463 750 513; baseline -0.001 -10"><span class='ocrx_word' id='word_1_37' title='bbox 73 465 203 513; x_wconf 88' lang='lat' dir='ltr'>quamobrem</span> <span class='ocrx_word' id='word_1_38' title='bbox 224 465 335 503; x_wconf 79' lang='lat' dir='ltr'>Alexander</span> <span class='ocrx_word' id='word_1_39' title='bbox 346 465 369 503; x_wconf 92' lang='lat' dir='ltr'>lV</span> <span class='ocrx_word' id='word_1_40' title='bbox 382 464 526 513; x_wconf 79' lang='lat' dir='ltr'>indulgentiam</span> <span class='ocrx_word' id='word_1_41' title='bbox 542 464 602 503; x_wconf 93' lang='lat' dir='ltr'>unius</span> <span class='ocrx_word' id='word_1_42' title='bbox 615 463 660 502; x_wconf 89' lang='lat' dir='ltr'>anni</span> <span class='ocrx_word' id='word_1_43' title='bbox 672 469 691 502; x_wconf 89' lang='lat' dir='ltr'>et</span> <span class='ocrx_word' id='word_1_44' title='bbox 702 464 750 502; x_wconf 91' lang='lat' dir='ltr'>dua-</span> 
     </span>
     <span class='ocr_line' id='line_1_7' title="bbox 74 533 749 584; baseline 0 -13"><span class='ocrx_word' id='word_1_45' title='bbox 74 545 117 572; x_wconf 87' lang='lat' dir='ltr'>rum</span> <span class='ocrx_word' id='word_1_46' title='bbox 128 535 298 584; x_wconf 84' lang='lat' dir='ltr'>quadragenarum</span> <span class='ocrx_word' id='word_1_47' title='bbox 311 534 334 572; x_wconf 86' lang='lat' dir='ltr'>iis</span> <span class='ocrx_word' id='word_1_48' title='bbox 344 534 438 572; x_wconf 90' lang='lat' dir='ltr'>omnibus</span> <span class='ocrx_word' id='word_1_49' title='bbox 448 533 546 571; x_wconf 82' lang='lat' dir='ltr'>concessit</span> <span class='ocrx_word' id='word_1_50' title='bbox 559 534 593 582; x_wconf 94' lang='lat' dir='ltr'>qui</span> <span class='ocrx_word' id='word_1_51' title='bbox 610 533 630 571; x_wconf 87' lang='lat' dir='ltr'>in</span> <span class='ocrx_word' id='word_1_52' title='bbox 642 534 684 582; x_wconf 91' lang='lat' dir='ltr'>ipsa</span> <span class='ocrx_word' id='word_1_53' title='bbox 696 533 749 580; x_wconf 86' lang='lat' dir='ltr'>dedi-</span> 
     </span>
    </p>
   </div>
   <div class='ocr_carea' id='block_1_5' title="bbox 9 602 749 653">
    <p class='ocr_par' dir='ltr' id='par_1_5' title="bbox 9 602 749 653">
     <span class='ocr_line' id='line_1_8' title="bbox 9 602 749 653; baseline -0.003 -11"><span class='ocrx_word' id='word_1_54' title='bbox 9 642 11 646; x_wconf 68' lang='lat'>,</span> <span class='ocrx_word' id='word_1_55' title='bbox 74 603 157 642; x_wconf 89' lang='lat' dir='ltr'>cationis</span> <span class='ocrx_word' id='word_1_56' title='bbox 176 604 207 642; x_wconf 93' lang='lat' dir='ltr'>die</span> <span class='ocrx_word' id='word_1_57' title='bbox 227 603 330 653; x_wconf 86' lang='lat' dir='ltr'>praedictas</span> <span class='ocrx_word' id='word_1_58' title='bbox 353 603 444 641; x_wconf 85' lang='lat' dir='ltr'>ecclesias</span> <span class='ocrx_word' id='word_1_59' title='bbox 457 602 567 641; x_wconf 89' lang='lat' dir='ltr'>devotionis</span> <span class='ocrx_word' id='word_1_60' title='bbox 584 614 641 641; x_wconf 88' lang='lat' dir='ltr'>causa</span> <span class='ocrx_word' id='word_1_61' title='bbox 658 602 749 641; x_wconf 88' lang='lat' dir='ltr'>visitave-</span> 
     </span>
    </p>
   </div>
   <div class='ocr_carea' id='block_1_6' title="bbox 74 672 749 724">
    <p class='ocr_par' dir='ltr' id='par_1_6' title="bbox 74 672 749 724">
     <span class='ocr_line' id='line_1_9' title="bbox 74 672 749 724; baseline -0.001 -13"><span class='ocrx_word' id='word_1_62' title='bbox 74 674 119 711; x_wconf 83' lang='lat' dir='ltr'>rint.</span> <span class='ocrx_word' id='word_1_63' title='bbox 133 672 164 724; x_wconf 82' lang='lat'>(2)</span> <span class='ocrx_word' id='word_1_64' title='bbox 175 673 275 711; x_wconf 78' lang='lat' dir='ltr'>Mandavit</span> <span class='ocrx_word' id='word_1_65' title='bbox 290 673 347 710; x_wconf 84' lang='lat' dir='ltr'>etiam</span> <span class='ocrx_word' id='word_1_66' title='bbox 360 672 473 721; x_wconf 80' lang='lat' dir='ltr'>patriarchae</span> <span class='ocrx_word' id='word_1_67' title='bbox 485 672 664 723; x_wconf 79' lang='lat' dir='ltr'>Hierosolymitano&#39;</span> <span class='ocrx_word' id='word_1_68' title='bbox 680 677 702 710; x_wconf 90' lang='lat' dir='ltr'>ut</span> <span class='ocrx_word' id='word_1_69' title='bbox 713 673 749 710; x_wconf 83' lang='lat' dir='ltr'>fra-</span> 
     </span>
    </p>
   </div>
   <div class='ocr_carea' id='block_1_7' title="bbox 73 741 808 797">
    <p class='ocr_par' dir='ltr' id='par_1_7' title="bbox 73 741 808 797">
     <span class='ocr_line' id='line_1_10' title="bbox 73 741 808 797; baseline -0.001 -18"><span class='ocrx_word' id='word_1_70' title='bbox 73 747 113 780; x_wconf 89' lang='lat' dir='ltr'>tres</span> <span class='ocrx_word' id='word_1_71' title='bbox 124 742 238 780; x_wconf 88' lang='lat' dir='ltr'>Carmelitas</span> <span class='ocrx_word' id='word_1_72' title='bbox 248 742 267 779; x_wconf 93' lang='lat' dir='ltr'>in</span> <span class='ocrx_word' id='word_1_73' title='bbox 281 743 324 791; x_wconf 81' lang='lat' dir='ltr'>ejus</span> <span class='ocrx_word' id='word_1_74' title='bbox 337 742 467 791; x_wconf 88' lang='lat' dir='ltr'>patriarchatu</span> <span class='ocrx_word' id='word_1_75' title='bbox 480 742 599 779; x_wconf 84' lang='lat' dir='ltr'>constitutos</span> <span class='ocrx_word' id='word_1_76' title='bbox 615 752 655 779; x_wconf 90' lang='lat' dir='ltr'>non</span> <span class='ocrx_word' id='word_1_77' title='bbox 668 741 749 790; x_wconf 91' lang='lat' dir='ltr'>permit·</span> <span class='ocrx_word' id='word_1_78' title='bbox 806 780 808 797; x_wconf 27' lang='grc' dir='ltr'><strong><em>ὲ</em></strong></span> 
     </span>
    </p>
   </div>
   <div class='ocr_carea' id='block_1_8' title="bbox 73 808 808 999">
    <p class='ocr_par' dir='ltr' id='par_1_8' title="bbox 73 808 808 999">
     <span class='ocr_line' id='line_1_11' title="bbox 73 808 808 862; baseline -0.003 -13"><span class='ocrx_word' id='word_1_79' title='bbox 73 817 101 849; x_wconf 86' lang='lat' dir='ltr'>tat</span> <span class='ocrx_word' id='word_1_80' title='bbox 113 811 199 849; x_wconf 83' lang='lat' dir='ltr'>indebite</span> <span class='ocrx_word' id='word_1_81' title='bbox 213 811 320 849; x_wconf 88' lang='lat' dir='ltr'>molestari.</span> <span class='ocrx_word' id='word_1_82' title='bbox 331 809 361 862; x_wconf 72' lang='lat'>(3)</span> <span class='ocrx_word' id='word_1_83' title='bbox 373 810 408 848; x_wconf 89' lang='lat' dir='ltr'>Die</span> <span class='ocrx_word' id='word_1_84' title='bbox 420 822 466 849; x_wconf 93' lang='lat' dir='ltr'>vero</span> <span class='ocrx_word' id='word_1_85' title='bbox 483 821 505 862; x_wconf 84' lang='lat'>19</span> <span class='ocrx_word' id='word_1_86' title='bbox 515 809 612 848; x_wconf 87' lang='lat' dir='ltr'>Februarii</span> <span class='ocrx_word' id='word_1_87' title='bbox 625 808 672 862; x_wconf 70' lang='lat'>1263</span> <span class='ocrx_word' id='word_1_88' title='bbox 687 810 750 848; x_wconf 88' lang='lat' dir='ltr'>Urba·</span> <span class='ocrx_word' id='word_1_89' title='bbox 805 812 808 819; x_wconf 80' lang='grc'><em>’</em></span> 
     </span>
     <span class='ocr_line' id='line_1_12' title="bbox 74 874 808 929; baseline -0.001 -11"><span class='ocrx_word' id='word_1_90' title='bbox 74 892 112 919; x_wconf 93' lang='lat' dir='ltr'>nus</span> <span class='ocrx_word' id='word_1_91' title='bbox 121 881 144 918; x_wconf 90' lang='lat' dir='ltr'>lV</span> <span class='ocrx_word' id='word_1_92' title='bbox 156 885 237 919; x_wconf 87' lang='lat' dir='ltr'>centum</span> <span class='ocrx_word' id='word_1_93' title='bbox 247 881 288 918; x_wconf 93' lang='lat' dir='ltr'>dies</span> <span class='ocrx_word' id='word_1_94' title='bbox 300 880 428 929; x_wconf 81' lang='lat' dir='ltr'>Indulgentiae</span> <span class='ocrx_word' id='word_1_95' title='bbox 440 881 464 918; x_wconf 90' lang='lat' dir='ltr'>ad</span> <span class='ocrx_word' id='word_1_96' title='bbox 475 880 636 928; x_wconf 84' lang='lat' dir='ltr'>quinquennium</span> <span class='ocrx_word' id='word_1_97' title='bbox 652 879 749 918; x_wconf 85' lang='lat' dir='ltr'>concessit</span> <span class='ocrx_word' id='word_1_98' title='bbox 807 874 808 880; x_wconf 67' lang='grc'>’</span> 
     </span>
     <span class='ocr_line' id='line_1_13' title="bbox 73 942 808 999; baseline 0.001 -13"><span class='ocrx_word' id='word_1_99' title='bbox 73 949 239 987; x_wconf 81' lang='lat' dir='ltr'>Christifidelibus</span> <span class='ocrx_word' id='word_1_100' title='bbox 249 948 282 998; x_wconf 92' lang='lat' dir='ltr'>qui</span> <span class='ocrx_word' id='word_1_101' title='bbox 295 950 432 999; x_wconf 87' lang='lat' dir='ltr'>eleemosynas</span> <span class='ocrx_word' id='word_1_102' title='bbox 444 949 566 997; x_wconf 84' lang='lat' dir='ltr'>erogaverint</span> <span class='ocrx_word' id='word_1_103' title='bbox 579 960 615 997; x_wconf 92' lang='lat' dir='ltr'>pro</span> <span class='ocrx_word' id='word_1_104' title='bbox 627 947 748 986; x_wconf 81' lang='lat' dir='ltr'>monasterio</span> <span class='ocrx_word' id='word_1_105' title='bbox 803 942 808 987; x_wconf 78' lang='lat' dir='ltr'>i</span> 
     </span>
    </p>
   </div>
   <div class='ocr_carea' id='block_1_9' title="bbox 73 1015 808 1067">
    <p class='ocr_par' dir='ltr' id='par_1_9' title="bbox 73 1015 808 1067">
     <span class='ocr_line' id='line_1_14' title="bbox 73 1015 808 1067; baseline -0.001 -11"><span class='ocrx_word' id='word_1_106' title='bbox 73 1019 92 1056; x_wconf 92' lang='lat' dir='ltr'>in</span> <span class='ocrx_word' id='word_1_107' title='bbox 104 1019 171 1056; x_wconf 88' lang='lat' dir='ltr'>Monte</span> <span class='ocrx_word' id='word_1_108' title='bbox 180 1019 263 1056; x_wconf 83' lang='lat' dir='ltr'>Carmeli</span> <span class='ocrx_word' id='word_1_109' title='bbox 271 1018 393 1063; x_wconf 81' lang='lat' dir='ltr'>aedificando,</span> <span class='ocrx_word' id='word_1_110' title='bbox 405 1030 417 1056; x_wconf 75' lang='lat' dir='ltr'>&lt;r</span> <span class='ocrx_word' id='word_1_111' title='bbox 425 1018 479 1066; x_wconf 89' lang='lat' dir='ltr'>quod</span> <span class='ocrx_word' id='word_1_112' title='bbox 490 1030 535 1057; x_wconf 87' lang='lat' dir='ltr'>cum</span> <span class='ocrx_word' id='word_1_113' title='bbox 545 1029 596 1067; x_wconf 93' lang='lat' dir='ltr'>opus</span> <span class='ocrx_word' id='word_1_114' title='bbox 605 1022 748 1067; x_wconf 83' lang='lat' dir='ltr'>sumptuosum</span> <span class='ocrx_word' id='word_1_115' title='bbox 803 1015 808 1061; x_wconf 66' lang='lat' dir='ltr'>l</span> 
     </span>
    </p>
   </div>
   <div class='ocr_carea' id='block_1_10' title="bbox 74 1159 808 1261">
    <p class='ocr_par' dir='ltr' id='par_1_10' title="bbox 74 1159 808 1261">
     <span class='ocr_line' id='line_1_15' title="bbox 74 1159 808 1202; baseline -0.001 -9"><span class='ocrx_word' id='word_1_116' title='bbox 74 1161 137 1194; x_wconf 82' lang='lat' dir='ltr'>Monte</span> <span class='ocrx_word' id='word_1_117' title='bbox 145 1161 228 1194; x_wconf 89' lang='lat' dir='ltr'>Carmelo</span> <span class='ocrx_word' id='word_1_118' title='bbox 236 1168 308 1193; x_wconf 85' lang='lat' dir='ltr'>centum</span> <span class='ocrx_word' id='word_1_119' title='bbox 319 1160 386 1193; x_wconf 91' lang='lat' dir='ltr'>solidos</span> <span class='ocrx_word' id='word_1_120' title='bbox 398 1159 484 1199; x_wconf 80' lang='lat' dir='ltr'>(Denifle,</span> <span class='ocrx_word' id='word_1_121' title='bbox 496 1160 585 1192; x_wconf 85' lang='lat' dir='ltr'>Cartalar.</span> <span class='ocrx_word' id='word_1_122' title='bbox 599 1160 653 1193; x_wconf 88' lang='lat' dir='ltr'>Univ.</span> <span class='ocrx_word' id='word_1_123' title='bbox 667 1160 715 1194; x_wconf 82' lang='lat' dir='ltr'>Paris</span> <span class='ocrx_word' id='word_1_124' title='bbox 734 1160 748 1202; x_wconf 85' lang='lat' dir='ltr'>l,</span> <span class='ocrx_word' id='word_1_125' title='bbox 806 1181 808 1185; x_wconf 87' lang='lat'>.</span> 
     </span>
     <span class='ocr_line' id='line_1_16' title="bbox 74 1217 749 1261; baseline 0.003 -11"><span class='ocrx_word' id='word_1_126' title='bbox 74 1217 121 1261; x_wconf 65' lang='lat'>374.)</span> <span class='ocrx_word' id='word_1_127' title='bbox 132 1219 195 1251; x_wconf 86' lang='lat' dir='ltr'>Mense</span> <span class='ocrx_word' id='word_1_128' title='bbox 207 1219 299 1251; x_wconf 80' lang='lat' dir='ltr'>Februarii</span> <span class='ocrx_word' id='word_1_129' title='bbox 312 1219 355 1251; x_wconf 73' lang='lat'>1260</span> <span class='ocrx_word' id='word_1_130' title='bbox 366 1218 460 1251; x_wconf 86' lang='lat' dir='ltr'>lohannes</span> <span class='ocrx_word' id='word_1_131' title='bbox 468 1217 518 1261; x_wconf 91' lang='lat' dir='ltr'>prior</span> <span class='ocrx_word' id='word_1_132' title='bbox 527 1219 545 1251; x_wconf 85' lang='lat' dir='ltr'>S.</span> <span class='ocrx_word' id='word_1_133' title='bbox 558 1218 612 1261; x_wconf 81' lang='lat' dir='ltr'>Eligii</span> <span class='ocrx_word' id='word_1_134' title='bbox 623 1219 696 1251; x_wconf 84' lang='lat' dir='ltr'>Parisiis</span> <span class='ocrx_word' id='word_1_135' title='bbox 705 1229 749 1252; x_wconf 90' lang='lat' dir='ltr'>con·</span> 
     </span>
    </p>
   </div>
   <div class='ocr_carea' id='block_1_11' title="bbox 74 1276 749 1325">
    <p class='ocr_par' dir='ltr' id='par_1_11' title="bbox 74 1276 749 1325">
     <span class='ocr_line' id='line_1_17' title="bbox 74 1276 749 1325; baseline 0.001 -16"><span class='ocrx_word' id='word_1_136' title='bbox 74 1276 127 1309; x_wconf 83' lang='lat' dir='ltr'>cessit</span> <span class='ocrx_word' id='word_1_137' title='bbox 133 1277 219 1310; x_wconf 84' lang='lat' dir='ltr'>fratribus</span> <span class='ocrx_word' id='word_1_138' title='bbox 227 1277 271 1310; x_wconf 89' lang='lat' dir='ltr'>Ord.</span> <span class='ocrx_word' id='word_1_139' title='bbox 286 1278 305 1310; x_wconf 90' lang='grc' dir='ltr'>Β,</span> <span class='ocrx_word' id='word_1_140' title='bbox 319 1277 382 1310; x_wconf 75' lang='lat' dir='ltr'>Mariae</span> <span class='ocrx_word' id='word_1_141' title='bbox 391 1277 412 1309; x_wconf 88' lang='lat' dir='ltr'>de</span> <span class='ocrx_word' id='word_1_142' title='bbox 423 1278 485 1309; x_wconf 90' lang='lat' dir='ltr'>Monte</span> <span class='ocrx_word' id='word_1_143' title='bbox 492 1276 570 1310; x_wconf 85' lang='lat' dir='ltr'>Carmeli</span> <span class='ocrx_word' id='word_1_144' title='bbox 580 1277 679 1325; x_wconf 85' lang='lat' dir='ltr'>utdomum</span> <span class='ocrx_word' id='word_1_145' title='bbox 687 1288 749 1321; x_wconf 89' lang='lat' dir='ltr'>quarn-</span> 
     </span>
    </p>
   </div>
   <div class='ocr_carea' id='block_1_12' title="bbox 74 1326 808 1379">
    <p class='ocr_par' dir='ltr' id='par_1_12' title="bbox 74 1326 808 1379">
     <span class='ocr_line' id='line_1_18' title="bbox 74 1326 808 1379; baseline 0.001 -12"><span class='ocrx_word' id='word_1_146' title='bbox 74 1336 114 1368; x_wconf 86' lang='lat' dir='ltr'>dam</span> <span class='ocrx_word' id='word_1_147' title='bbox 124 1335 143 1367; x_wconf 93' lang='lat' dir='ltr'>in</span> <span class='ocrx_word' id='word_1_148' title='bbox 153 1336 238 1378; x_wconf 85' lang='lat' dir='ltr'>parochia</span> <span class='ocrx_word' id='word_1_149' title='bbox 249 1337 267 1369; x_wconf 86' lang='lat' dir='ltr'>S.</span> <span class='ocrx_word' id='word_1_150' title='bbox 279 1336 331 1368; x_wconf 80' lang='lat' dir='ltr'>Pauli</span> <span class='ocrx_word' id='word_1_151' title='bbox 341 1347 350 1368; x_wconf 88' lang='lat' dir='ltr'>a</span> <span class='ocrx_word' id='word_1_152' title='bbox 361 1335 445 1378; x_wconf 85' lang='lat' dir='ltr'>Philippo</span> <span class='ocrx_word' id='word_1_153' title='bbox 456 1336 540 1378; x_wconf 81' lang='lat' dir='ltr'>Bulretyn</span> <span class='ocrx_word' id='word_1_154' title='bbox 550 1344 629 1379; x_wconf 84' lang='lat' dir='ltr'>emptam</span> <span class='ocrx_word' id='word_1_155' title='bbox 641 1337 697 1369; x_wconf 88' lang='lat' dir='ltr'>libere</span> <span class='ocrx_word' id='word_1_156' title='bbox 707 1347 749 1379; x_wconf 89' lang='lat' dir='ltr'>pos·</span> <span class='ocrx_word' id='word_1_157' title='bbox 803 1326 808 1347; x_wconf 31' lang='grc' dir='ltr'>’ὲ</span> 
     </span>
    </p>
   </div>
   <div class='ocr_carea' id='block_1_13' title="bbox 71 1393 747 1438">
    <p class='ocr_par' dir='ltr' id='par_1_13' title="bbox 71 1393 747 1438">
     <span class='ocr_line' id='line_1_19' title="bbox 71 1393 747 1438; baseline 0.003 -13"><span class='ocrx_word' id='word_1_158' title='bbox 71 1393 158 1426; x_wconf 78' lang='lat' dir='ltr'>siderent.</span> <span class='ocrx_word' id='word_1_159' title='bbox 170 1394 223 1437; x_wconf 85' lang='lat' dir='ltr'>(ibid.</span> <span class='ocrx_word' id='word_1_160' title='bbox 233 1394 253 1426; x_wconf 84' lang='lat' dir='ltr'>P.</span> <span class='ocrx_word' id='word_1_161' title='bbox 262 1405 296 1437; x_wconf 64' lang='lat' dir='ltr'>qap</span> <span class='ocrx_word' id='word_1_162' title='bbox 305 1395 313 1436; x_wconf 85' lang='grc'>&gt;</span> <span class='ocrx_word' id='word_1_163' title='bbox 323 1394 358 1427; x_wconf 86' lang='lat' dir='ltr'>Sed</span> <span class='ocrx_word' id='word_1_164' title='bbox 370 1404 411 1426; x_wconf 85' lang='lat' dir='ltr'>cum</span> <span class='ocrx_word' id='word_1_165' title='bbox 423 1393 477 1426; x_wconf 87' lang='lat' dir='ltr'>etiam</span> <span class='ocrx_word' id='word_1_166' title='bbox 485 1394 536 1426; x_wconf 86' lang='lat' dir='ltr'>locus</span> <span class='ocrx_word' id='word_1_167' title='bbox 548 1393 580 1427; x_wconf 84' lang='lat' dir='ltr'>iste</span> <span class='ocrx_word' id='word_1_168' title='bbox 590 1394 609 1426; x_wconf 88' lang='lat' dir='ltr'>in</span> <span class='ocrx_word' id='word_1_169' title='bbox 619 1394 689 1438; x_wconf 85' lang='lat' dir='ltr'>Carnpo</span> <span class='ocrx_word' id='word_1_170' title='bbox 698 1395 747 1427; x_wconf 90' lang='lat' dir='ltr'>dicto</span> 
     </span>
    </p>
   </div>
   <div class='ocr_carea' id='block_1_14' title="bbox 73 1451 808 1732">
    <p class='ocr_par' dir='ltr' id='par_1_14' title="bbox 73 1451 808 1732">
     <span class='ocr_line' id='line_1_20' title="bbox 73 1451 808 1496; baseline 0.003 -12"><span class='ocrx_word' id='word_1_171' title='bbox 73 1462 96 1484; x_wconf 83' lang='lat' dir='ltr'>au</span> <span class='ocrx_word' id='word_1_172' title='bbox 109 1451 173 1485; x_wconf 71' lang='lat' dir='ltr'>Pldler</span> <span class='ocrx_word' id='word_1_173' title='bbox 185 1452 238 1484; x_wconf 89' lang='lat' dir='ltr'>nimis</span> <span class='ocrx_word' id='word_1_174' title='bbox 247 1453 317 1485; x_wconf 87' lang='lat' dir='ltr'>distans</span> <span class='ocrx_word' id='word_1_175' title='bbox 327 1464 337 1485; x_wconf 89' lang='lat' dir='ltr'>a</span> <span class='ocrx_word' id='word_1_176' title='bbox 347 1451 411 1485; x_wconf 84' lang='lat' dir='ltr'>ceteris</span> <span class='ocrx_word' id='word_1_177' title='bbox 423 1451 504 1495; x_wconf 85' lang='lat' dir='ltr'>collegiis</span> <span class='ocrx_word' id='word_1_178' title='bbox 513 1459 566 1491; x_wconf 80' lang='lat' dir='ltr'>esset,</span> <span class='ocrx_word' id='word_1_179' title='bbox 573 1452 628 1485; x_wconf 88' lang='lat' dir='ltr'>frater</span> <span class='ocrx_word' id='word_1_180' title='bbox 645 1453 714 1496; x_wconf 76' lang='lat' dir='ltr'>Symon</span> <span class='ocrx_word' id='word_1_181' title='bbox 726 1453 748 1486; x_wconf 90' lang='lat' dir='ltr'>de</span> <span class='ocrx_word' id='word_1_182' title='bbox 806 1468 808 1472; x_wconf 58' lang='lat'><strong><em>⁴</em></strong></span> 
     </span>
     <span class='ocr_line' id='line_1_21' title="bbox 73 1508 806 1554; baseline 0.003 -12"><span class='ocrx_word' id='word_1_183' title='bbox 73 1511 150 1543; x_wconf 87' lang='lat' dir='ltr'>Corbeia</span> <span class='ocrx_word' id='word_1_184' title='bbox 161 1510 277 1553; x_wconf 82' lang='lat' dir='ltr'>provincialis</span> <span class='ocrx_word' id='word_1_185' title='bbox 288 1511 367 1543; x_wconf 81' lang='lat' dir='ltr'>Franciae</span> <span class='ocrx_word' id='word_1_186' title='bbox 379 1509 460 1543; x_wconf 79' lang='lat' dir='ltr'>obtinuit</span> <span class='ocrx_word' id='word_1_187' title='bbox 472 1521 520 1542; x_wconf 92' lang='lat' dir='ltr'>anno</span> <span class='ocrx_word' id='word_1_188' title='bbox 540 1511 584 1554; x_wconf 76' lang='lat'>1309</span> <span class='ocrx_word' id='word_1_189' title='bbox 596 1511 671 1544; x_wconf 89' lang='lat' dir='ltr'>domurn</span> <span class='ocrx_word' id='word_1_190' title='bbox 682 1522 748 1554; x_wconf 85' lang='lat' dir='ltr'>quam·</span> <span class='ocrx_word' id='word_1_191' title='bbox 801 1508 806 1544; x_wconf 77' lang='lat' dir='ltr'>l</span> 
     </span>
     <span class='ocr_line' id='line_1_22' title="bbox 73 1568 807 1613; baseline 0.001 -12"><span class='ocrx_word' id='word_1_192' title='bbox 73 1569 115 1601; x_wconf 88' lang='lat' dir='ltr'>dam</span> <span class='ocrx_word' id='word_1_193' title='bbox 125 1569 143 1602; x_wconf 94' lang='lat' dir='ltr'>in</span> <span class='ocrx_word' id='word_1_194' title='bbox 153 1570 211 1612; x_wconf 88' lang='lat' dir='ltr'>platea</span> <span class='ocrx_word' id='word_1_195' title='bbox 218 1569 323 1602; x_wconf 76' lang='lat' dir='ltr'>allnrcderta</span> <span class='ocrx_word' id='word_1_196' title='bbox 334 1568 417 1612; x_wconf 83' lang='lat' dir='ltr'>Philippo</span> <span class='ocrx_word' id='word_1_197' title='bbox 430 1569 460 1610; x_wconf 84' lang='lat' dir='ltr'>IV,</span> <span class='ocrx_word' id='word_1_198' title='bbox 474 1576 491 1601; x_wconf 86' lang='lat' dir='ltr'>et</span> <span class='ocrx_word' id='word_1_199' title='bbox 500 1569 553 1601; x_wconf 87' lang='lat' dir='ltr'>aliam</span> <span class='ocrx_word' id='word_1_200' title='bbox 566 1580 615 1602; x_wconf 91' lang='lat' dir='ltr'>anno</span> <span class='ocrx_word' id='word_1_201' title='bbox 628 1569 672 1613; x_wconf 79' lang='lat'>1317</span> <span class='ocrx_word' id='word_1_202' title='bbox 682 1581 692 1602; x_wconf 85' lang='lat' dir='ltr'>a</span> <span class='ocrx_word' id='word_1_203' title='bbox 705 1569 748 1603; x_wconf 87' lang='lat' dir='ltr'>Phi·</span> <span class='ocrx_word' id='word_1_204' title='bbox 806 1603 807 1606; x_wconf 64' lang='grc'>,</span> 
     </span>
     <span class='ocr_line' id='line_1_23' title="bbox 73 1627 808 1671; baseline 0.003 -11"><span class='ocrx_word' id='word_1_205' title='bbox 73 1627 123 1671; x_wconf 89' lang='lat' dir='ltr'>lippo</span> <span class='ocrx_word' id='word_1_206' title='bbox 135 1629 151 1661; x_wconf 91' lang='lat' dir='ltr'>le</span> <span class='ocrx_word' id='word_1_207' title='bbox 159 1629 217 1671; x_wconf 75' lang='lat' dir='ltr'>Long,</span> <span class='ocrx_word' id='word_1_208' title='bbox 225 1639 267 1671; x_wconf 85' lang='lat' dir='ltr'>quo,</span> <span class='ocrx_word' id='word_1_209' title='bbox 281 1630 378 1661; x_wconf 79' lang='lat' dir='ltr'>accedente</span> <span class='ocrx_word' id='word_1_210' title='bbox 388 1627 504 1661; x_wconf 86' lang='lat' dir='ltr'>concessione</span> <span class='ocrx_word' id='word_1_211' title='bbox 518 1628 588 1661; x_wconf 88' lang='lat' dir='ltr'>Summi</span> <span class='ocrx_word' id='word_1_212' title='bbox 599 1628 699 1668; x_wconf 75' lang='lat' dir='ltr'>pontificis,</span> <span class='ocrx_word' id='word_1_213' title='bbox 709 1639 748 1662; x_wconf 86' lang='lat' dir='ltr'>sese</span> <span class='ocrx_word' id='word_1_214' title='bbox 805 1632 808 1668; x_wconf 69' lang='lat' dir='ltr'>j</span> 
     </span>
     <span class='ocr_line' id='line_1_24' title="bbox 74 1686 807 1732; baseline 0.003 -13"><span class='ocrx_word' id='word_1_215' title='bbox 74 1697 122 1719; x_wconf 91' lang='lat' dir='ltr'>anno</span> <span class='ocrx_word' id='word_1_216' title='bbox 137 1687 179 1719; x_wconf 70' lang='lat'>1318</span> <span class='ocrx_word' id='word_1_217' title='bbox 191 1687 219 1720; x_wconf 84' lang='lat' dir='ltr'>uel</span> <span class='ocrx_word' id='word_1_218' title='bbox 235 1686 318 1730; x_wconf 79' lang='lat' dir='ltr'>sequenti</span> <span class='ocrx_word' id='word_1_219' title='bbox 335 1694 443 1729; x_wconf 86' lang='lat' dir='ltr'>receperunt</span> <span class='ocrx_word' id='word_1_220' title='bbox 454 1686 491 1728; x_wconf 87' lang='lat' dir='ltr'>(Cf.</span> <span class='ocrx_word' id='word_1_221' title='bbox 503 1686 575 1720; x_wconf 87' lang='lat' dir='ltr'>Denifle</span> <span class='ocrx_word' id='word_1_222' title='bbox 590 1687 609 1719; x_wconf 90' lang='lat' dir='ltr'>in</span> <span class='ocrx_word' id='word_1_223' title='bbox 626 1687 693 1720; x_wconf 74' lang='lat' dir='ltr'>Archiv</span> <span class='ocrx_word' id='word_1_224' title='bbox 704 1688 749 1732; x_wconf 83' lang='lat' dir='ltr'>fuer</span> <span class='ocrx_word' id='word_1_225' title='bbox 800 1703 807 1723; x_wconf 64' lang='grc'>,-</span> 
     </span>
    </p>
   </div>
   <div class='ocr_carea' id='block_1_15' title="bbox 73 1737 803 1791">
    <p class='ocr_par' dir='ltr' id='par_1_15' title="bbox 73 1737 805 1791">
     <span class='ocr_line' id='line_1_25' title="bbox 73 1737 803 1791; baseline 0.001 -13"><span class='ocrx_word' id='word_1_226' title='bbox 73 1745 175 1778; x_wconf 79' lang='lat' dir='ltr'>Literalur-</span> <span class='ocrx_word' id='word_1_227' title='bbox 187 1746 203 1778; x_wconf 82' lang='lat'>&amp;</span> <span class='ocrx_word' id='word_1_228' title='bbox 218 1746 408 1791; x_wconf 76' lang='lat' dir='ltr'>Kirclrengesclziclale,</span> <span class='ocrx_word' id='word_1_229' title='bbox 420 1746 440 1786; x_wconf 87' lang='lat' dir='ltr'>V,</span> <span class='ocrx_word' id='word_1_230' title='bbox 459 1745 505 1788; x_wconf 78' lang='lat'>357).</span> <span class='ocrx_word' id='word_1_231' title='bbox 523 1746 567 1777; x_wconf 90' lang='lat' dir='ltr'>Inde</span> <span class='ocrx_word' id='word_1_232' title='bbox 577 1746 700 1779; x_wconf 85' lang='lat' dir='ltr'>controversia</span> <span class='ocrx_word' id='word_1_233' title='bbox 707 1757 748 1779; x_wconf 86' lang='lat' dir='ltr'>cum</span> <span class='ocrx_word' id='word_1_234' title='bbox 799 1737 803 1778; x_wconf 71' lang='lat' dir='ltr'>l</span> 
     </span>
    </p>
   </div>
   <div class='ocr_carea' id='block_1_16' title="bbox 73 1793 808 1847">
    <p class='ocr_par' dir='ltr' id='par_1_16' title="bbox 73 1793 808 1847">
     <span class='ocr_line' id='line_1_26' title="bbox 73 1793 808 1847; baseline 0.001 -11"><span class='ocrx_word' id='word_1_235' title='bbox 73 1805 139 1836; x_wconf 83' lang='lat' dir='ltr'>abbate</span> <span class='ocrx_word' id='word_1_236' title='bbox 152 1804 170 1837; x_wconf 84' lang='lat' dir='ltr'>S.</span> <span class='ocrx_word' id='word_1_237' title='bbox 182 1803 279 1836; x_wconf 83' lang='lat' dir='ltr'>Genovefae</span> <span class='ocrx_word' id='word_1_238' title='bbox 288 1812 327 1836; x_wconf 87' lang='lat' dir='ltr'>orta</span> <span class='ocrx_word' id='word_1_239' title='bbox 336 1811 363 1836; x_wconf 84' lang='lat' dir='ltr'>est</span> <span class='ocrx_word' id='word_1_240' title='bbox 372 1815 426 1847; x_wconf 84' lang='lat' dir='ltr'>quam</span> <span class='ocrx_word' id='word_1_241' title='bbox 435 1804 528 1836; x_wconf 80' lang='lat' dir='ltr'>lohannes</span> <span class='ocrx_word' id='word_1_242' title='bbox 540 1803 591 1837; x_wconf 84' lang='lat' dir='ltr'>XXII</span> <span class='ocrx_word' id='word_1_243' title='bbox 602 1805 679 1847; x_wconf 84' lang='lat' dir='ltr'>decano,</span> <span class='ocrx_word' id='word_1_244' title='bbox 689 1804 748 1837; x_wconf 83' lang='lat' dir='ltr'>archi·</span> <span class='ocrx_word' id='word_1_245' title='bbox 802 1793 808 1820; x_wconf 30' lang='grc' dir='ltr'>ξ</span> 
     </span>
    </p>
   </div>
   <div class='ocr_carea' id='block_1_17' title="bbox 74 1861 748 1905">
    <p class='ocr_par' dir='ltr' id='par_1_17' title="bbox 74 1861 748 1905">
     <span class='ocr_line' id='line_1_27' title="bbox 74 1861 748 1905; baseline 0.003 -11"><span class='ocrx_word' id='word_1_246' title='bbox 74 1862 151 1894; x_wconf 88' lang='lat' dir='ltr'>diacono</span> <span class='ocrx_word' id='word_1_247' title='bbox 161 1870 178 1894; x_wconf 86' lang='lat' dir='ltr'>et</span> <span class='ocrx_word' id='word_1_248' title='bbox 187 1862 257 1894; x_wconf 86' lang='lat' dir='ltr'>cantori</span> <span class='ocrx_word' id='word_1_249' title='bbox 266 1861 347 1894; x_wconf 75' lang='lat' dir='ltr'>ecclesiae</span> <span class='ocrx_word' id='word_1_250' title='bbox 355 1861 459 1895; x_wconf 77' lang='lat' dir='ltr'>Parisiensis</span> <span class='ocrx_word' id='word_1_251' title='bbox 466 1861 585 1895; x_wconf 85' lang='lat' dir='ltr'>decidendam</span> <span class='ocrx_word' id='word_1_252' title='bbox 591 1862 664 1896; x_wconf 62' lang='lat' dir='ltr'>&#39;remisit</span> <span class='ocrx_word' id='word_1_253' title='bbox 673 1863 692 1905; x_wconf 76' lang='lat'>(6</span> <span class='ocrx_word' id='word_1_254' title='bbox 698 1862 748 1897; x_wconf 86' lang='lat' dir='ltr'>lunii</span> 
     </span>
    </p>
   </div>
   <div class='ocr_carea' id='block_1_18' title="bbox 76 1919 807 1962">
    <p class='ocr_par' dir='ltr' id='par_1_18' title="bbox 76 1919 807 1962">
     <span class='ocr_line' id='line_1_28' title="bbox 76 1919 807 1962; baseline 0.003 -10"><span class='ocrx_word' id='word_1_255' title='bbox 76 1921 125 1953; x_wconf 82' lang='lat'>1321.</span> <span class='ocrx_word' id='word_1_256' title='bbox 134 1919 161 1952; x_wconf 88' lang='lat' dir='ltr'>Cf.</span> <span class='ocrx_word' id='word_1_257' title='bbox 175 1919 283 1960; x_wconf 77' lang='lat' dir='ltr'>Bullatium,</span> <span class='ocrx_word' id='word_1_258' title='bbox 294 1921 307 1953; x_wconf 95' lang='lat' dir='ltr'>l.</span> <span class='ocrx_word' id='word_1_259' title='bbox 318 1920 366 1962; x_wconf 76' lang='lat'>548).</span> <span class='ocrx_word' id='word_1_260' title='bbox 380 1921 457 1953; x_wconf 88' lang='lat' dir='ltr'>Demum</span> <span class='ocrx_word' id='word_1_261' title='bbox 469 1920 552 1954; x_wconf 86' lang='lat' dir='ltr'>Clemens</span> <span class='ocrx_word' id='word_1_262' title='bbox 558 1921 592 1954; x_wconf 90' lang='lat' dir='ltr'>Vll</span> <span class='ocrx_word' id='word_1_263' title='bbox 605 1922 694 1954; x_wconf 86' lang='lat' dir='ltr'>concessit</span> <span class='ocrx_word' id='word_1_264' title='bbox 703 1922 748 1954; x_wconf 85' lang='lat' dir='ltr'>Car·</span> <span class='ocrx_word' id='word_1_265' title='bbox 805 1933 807 1936; x_wconf 69' lang='grc'>’</span> 
     </span>
    </p>
   </div>
   <div class='ocr_carea' id='block_1_19' title="bbox 73 1978 748 2022">
    <p class='ocr_par' dir='ltr' id='par_1_19' title="bbox 73 1978 748 2022">
     <span class='ocr_line' id='line_1_29' title="bbox 73 1978 748 2022; baseline 0.003 -11"><span class='ocrx_word' id='word_1_266' title='bbox 73 1978 140 2011; x_wconf 88' lang='lat' dir='ltr'>melitis</span> <span class='ocrx_word' id='word_1_267' title='bbox 155 1986 175 2011; x_wconf 89' lang='lat' dir='ltr'>ut</span> <span class='ocrx_word' id='word_1_268' title='bbox 189 1985 270 2010; x_wconf 87' lang='lat' dir='ltr'>emerent</span> <span class='ocrx_word' id='word_1_269' title='bbox 285 1979 359 2010; x_wconf 88' lang='lat' dir='ltr'>domum</span> <span class='ocrx_word' id='word_1_270' title='bbox 372 1978 583 2022; x_wconf 82' lang='lat' dir='ltr'>conventuicontiguam</span> <span class='ocrx_word' id='word_1_271' title='bbox 594 1979 715 2022; x_wconf 84' lang='lat' dir='ltr'>pertinentem</span> <span class='ocrx_word' id='word_1_272' title='bbox 725 1981 748 2013; x_wconf 83' lang='lat' dir='ltr'>ad</span> 
     </span>
    </p>
   </div>
   <div class='ocr_carea' id='block_1_20' title="bbox 74 2035 806 2083">
    <p class='ocr_par' dir='ltr' id='par_1_20' title="bbox 74 2035 806 2083">
     <span class='ocr_line' id='line_1_30' title="bbox 74 2035 806 2083; baseline 0.004 -13"><span class='ocrx_word' id='word_1_273' title='bbox 74 2038 158 2070; x_wconf 82' lang='lat' dir='ltr'>abbatem</span> <span class='ocrx_word' id='word_1_274' title='bbox 168 2038 185 2070; x_wconf 87' lang='lat' dir='ltr'>S.</span> <span class='ocrx_word' id='word_1_275' title='bbox 197 2035 294 2069; x_wconf 80' lang='lat' dir='ltr'>Genorelae</span> <span class='ocrx_word' id='word_1_276' title='bbox 310 2046 330 2068; x_wconf 83' lang='lat' dir='ltr'>ac</span> <span class='ocrx_word' id='word_1_277' title='bbox 340 2036 384 2069; x_wconf 87' lang='lat' dir='ltr'>olim</span> <span class='ocrx_word' id='word_1_278' title='bbox 402 2037 479 2080; x_wconf 86' lang='lat' dir='ltr'>collegio</span> <span class='ocrx_word' id='word_1_279' title='bbox 495 2037 545 2080; x_wconf 81' lang='lat' dir='ltr'>regni</span> <span class='ocrx_word' id='word_1_280' title='bbox 556 2037 617 2077; x_wconf 76' lang='lat' dir='ltr'>Daciae</span> <span class='ocrx_word' id='word_1_281' title='bbox 629 2039 713 2072; x_wconf 87' lang='lat' dir='ltr'>traditam</span> <span class='ocrx_word' id='word_1_282' title='bbox 729 2043 748 2083; x_wconf 82' lang='grc'>(7</span> <span class='ocrx_word' id='word_1_283' title='bbox 802 2042 806 2073; x_wconf 76' lang='grc' dir='ltr'>,ζ</span> 
     </span>
    </p>
   </div>
   <div class='ocr_carea' id='block_1_21' title="bbox 74 2094 478 2315">
    <p class='ocr_par' dir='ltr' id='par_1_21' title="bbox 74 2094 478 2255">
     <span class='ocr_line' id='line_1_31' title="bbox 74 2094 469 2139; baseline -0.003 -10"><span class='ocrx_word' id='word_1_284' title='bbox 74 2096 178 2139; x_wconf 76' lang='lat' dir='ltr'>lrlaji1383.</span> <span class='ocrx_word' id='word_1_285' title='bbox 189 2094 407 2136; x_wconf 80' lang='lat' dir='ltr'>Denifle‚Cartular.111‚</span> <span class='ocrx_word' id='word_1_286' title='bbox 420 2096 469 2138; x_wconf 63' lang='grc' dir='ltr'>517)Δ</span> 
     </span>
     <span class='ocr_line' id='line_1_32' title="bbox 96 2153 478 2197; baseline 0 -10"><span class='ocrx_word' id='word_1_287' title='bbox 96 2156 116 2196; x_wconf 83' lang='lat' dir='ltr'>[ll</span> <span class='ocrx_word' id='word_1_288' title='bbox 128 2154 201 2197; x_wconf 81' lang='lat' dir='ltr'>Specul.</span> <span class='ocrx_word' id='word_1_289' title='bbox 209 2153 287 2191; x_wconf 85' lang='lat' dir='ltr'>Carmel,</span> <span class='ocrx_word' id='word_1_290' title='bbox 296 2154 309 2193; x_wconf 80' lang='grc' dir='ltr'>Ι,</span> <span class='ocrx_word' id='word_1_291' title='bbox 320 2163 358 2195; x_wconf 80' lang='lat'><strong>102,</strong></span> <span class='ocrx_word' id='word_1_292' title='bbox 372 2165 390 2187; x_wconf 92' lang='lat' dir='ltr'>n.</span> <span class='ocrx_word' id='word_1_293' title='bbox 397 2155 431 2196; x_wconf 76' lang='lat'>438</span> <span class='ocrx_word' id='word_1_294' title='bbox 439 2165 478 2197; x_wconf 90' lang='lat' dir='ltr'>sqq.</span> 
     </span>
     <span class='ocr_line' id='line_1_33' title="bbox 95 2211 302 2255; baseline -0.005 -10"><span class='ocrx_word' id='word_1_295' title='bbox 95 2213 117 2255; x_wconf 70' lang='lat' dir='ltr'>{el</span> <span class='ocrx_word' id='word_1_296' title='bbox 130 2211 238 2253; x_wconf 66' lang='lat' dir='ltr'>Bullarfflm,</span> <span class='ocrx_word' id='word_1_297' title='bbox 249 2213 262 2246; x_wconf 90' lang='lat' dir='ltr'>l.</span> <span class='ocrx_word' id='word_1_298' title='bbox 274 2223 302 2245; x_wconf 83' lang='lat' dir='ltr'>ar.</span> 
     </span>
    </p>

    <p class='ocr_par' dir='ltr' id='par_1_22' title="bbox 96 2270 244 2315">
     <span class='ocr_line' id='line_1_34' title="bbox 96 2270 244 2315; baseline -0.014 -10"><span class='ocrx_word' id='word_1_299' title='bbox 96 2272 117 2315; x_wconf 79' lang='grc'>(3]</span> <span class='ocrx_word' id='word_1_300' title='bbox 131 2270 177 2305; x_wconf 87' lang='lat' dir='ltr'>lbid.</span> <span class='ocrx_word' id='word_1_301' title='bbox 186 2272 204 2304; x_wconf 84' lang='lat' dir='ltr'>P.</span> <span class='ocrx_word' id='word_1_302' title='bbox 216 2282 244 2304; x_wconf 82' lang='lat'>22.</span> 
     </span>
    </p>
   </div>
   <div class='ocr_carea' id='block_1_22' title="bbox 0 0 813 2703">
    <p class='ocr_par' dir='ltr' id='par_1_23' title="bbox 0 0 813 2703">
     <span class='ocr_line' id='line_1_35' title="bbox 0 0 813 2703; baseline 0 0"><span class='ocrx_word' id='word_1_303' title='bbox 0 0 813 2703; x_wconf 95' lang='lat' dir='ltr'> </span> 
     </span>
    </p>
   </div>
  </div>
 </body>
</html>
