1616 2703
75 59 122 112 32&¹
336 70 491 101 novomnoues
527 76 531 103 1

78 146 132 185 mina
140 158 185 196 quae
196 146 258 185 curati
270 145 298 185 eis
310 145 427 188 inferebant,
441 151 460 184 et
469 146 556 184 favorem
573 145 674 185 modicum
692 150 752 195 quern

78 228 137 266 super
161 216 269 266 praemissis
288 210 363 266 prelati
375 216 403 254 eis
415 215 562 265 impendebant.
583 216 672 254 Pontifex
687 221 753 254 autem

78 286 183 335 praedictus
199 286 291 324 tratribus
303 286 425 335 compatiens
437 285 516 335 scripsit
527 285 612 335 prelatis
624 285 755 333 ldibuslanu-

78 355 113 395 arii
121 355 146 392 Α.
156 356 179 393 D.
197 359 253 404 1252,
267 355 365 393 mandans
382 355 410 393 eis
427 360 450 393 ut
461 366 520 404 super
539 354 647 404 praemissis
659 355 715 403 pium
725 356 755 396 n-

79 436 147 463 vorem
156 425 248 463 fratribus
257 424 396 474 impenderent
408 429 427 463 et
436 425 572 463 molestatores
584 436 653 463 eorum
662 435 697 473 per
712 435 759 466 cen-v

80 505 146 532 suram
161 494 311 533 ecclesiasticam
326 494 443 544 apellatione
454 494 563 543 postposita
575 499 729 543 compescerent.
742 506 754 533 »

79 563 172 613 Sequitur
196 564 289 613 praedicta
309 564 369 608 bulla,
388 575 433 613 quae
445 563 513 613 incipit
533 576 544 601 «
562 563 589 602 Ex
604 569 656 612 parte
675 563 755 601 dilecto-

80 631 197 685 rum.»(1)

106 703 197 741 Resumit
208 703 303 742 Sanvicus
314 703 445 741 narrationem
461 704 499 741 hoc
511 703 585 742 modo:

86 772 180 811 *‹<'Dum
193 778 258 810 autem
269 774 338 811 fratres
347 773 454 811 lnnocentii
467 784 522 823 papae
532 773 596 822 quarti
608 772 680 812 litteras
692 772 756 811 domi-

75 841 110 881 nis
128 843 212 891 prelatis
233 841 386 891 praesentabant,
402 842 475 891 praelati
490 842 516 880 illi
528 843 562 892 qui
577 843 669 881 tratribus
680 844 758 882 fuerant

80 912 135 961 prius
149 912 266 950 favorabiles
278 913 342 950 multo
352 912 416 962 magis
427 916 475 951 tunc
489 924 510 951 se
521 912 549 951 eis
561 912 676 951 favorabiles
688 913 760 952 redde.

80 982 134 1026 bant,
149 987 168 1020 et
180 982 270 1021 subditos
283 993 331 1021 suos
343 981 377 1031 qui
390 982 509 1032 praestabant
520 982 613 1026 fratribus
625 982 757 1032 impedimen,

80 1059 124 1092 tum
134 1052 244 1091 aedificandi
253 1053 273 1091 in
281 1063 349 1090 eorum
359 1052 456 1101 parochiis
466 1052 575 1097 ecclesiam,
584 1057 603 1091 et
612 1052 696 1091 habendi
703 1064 756 1102 cam-

81 1135 151 1173 panam
165 1127 184 1161 et
196 1123 331 1161 coemeterium
344 1123 368 1161 ad
380 1133 431 1172 opus
441 1124 530 1168 fratrum,
544 1122 589 1161 dicti
602 1122 693 1173 praelatia
708 1134 757 1171 praee

82 1193 148 1232 missis
164 1191 313 1243 gravaminibus
333 1191 436 1231 efficaciter
453 1192 619 1242 compescebant;
638 1192 757 1235 cohibebant

81 1263 139 1301 etiarn
152 1268 230 1301 curatos
242 1261 286 1300 illos
298 1261 332 1311 qui
348 1274 359 1299 a
370 1262 462 1301 tratribus
474 1267 492 1301 et
505 1262 529 1299 ab
547 1274 616 1301 eorum
631 1262 756 1301 monasteriis

81 1333 186 1371 servitutes
198 1343 269 1383 graves
281 1337 301 1370 et
312 1332 477 1381 insupportabiles
486 1332 596 1381 exigebant.
604 1332 696 1371 Similiter
707 1344 757 1382 prae-

81 1403 114 1441 lati
130 1403 164 1452 qui
176 1403 256 1440 fuerunt
268 1402 322 1451 prius
334 1401 426 1440 iratribus
437 1402 491 1447 duri,
507 1402 555 1441 visis
572 1402 671 1452 praedictis
687 1402 756 1441 litteris

82 1473 156 1511 summi
174 1471 281 1521 pontificis,
299 1471 390 1510 subditos
407 1482 456 1510 suos
470 1483 481 1509 a
495 1471 602 1521 praemissis
608 1472 756 1520 gravaminibus

81 1553 158 1581 cessare
166 1542 270 1580 iaciebant.
283 1541 364 1594 Propter
376 1541 430 1591 quod
441 1543 511 1580 tratres
522 1554 533 1580 a
544 1542 643 1591 praedictis
654 1542 758 1582 diabolicis.

81 1611 225 1651 tentationibus
241 1611 316 1650 liberati
333 1611 353 1650 in
372 1611 497 1650 monasteriis
517 1623 561 1661 quae
578 1613 616 1659 jam
635 1617 757 1662 receperant„

82 1682 148 1721 divina
160 1682 179 1720 in
197 1693 245 1732 pace
256 1681 387 1727 celebrabant,
402 1686 420 1719 et
432 1681 562 1720 nihilominus
574 1693 625 1720 nova
638 1682 757 1721 monasteria

82 1752 166 1802 sparsim
176 1751 273 1790 hincinde
282 1751 381 1797 facientes,
393 1751 518 1802 recipiebant.
527 1752 597 1801 Sicque
607 1752 700 1801 paulatim
707 1753 758 1791 hanc

83 1821 199 1872 religionem
211 1822 231 1859 in
243 1821 325 1860 diversis
336 1821 425 1860 fidelium
433 1821 548 1871 regionibus
555 1833 589 1871 per
598 1821 696 1871 Europam
706 1823 757 1861 mul·

83 1892 198 1941 tiplicabant
209 1904 229 1930 a.
561 1885 563 1888 ¹
754 1929 756 1931 .

83 1961 231 2001 »Relationem
244 1962 301 1999 istam
316 1961 411 1999 Sanvlcus
428 1962 540 2010 composuit
559 1966 605 2011 post
621 1974 639 2000 a.
664 1974 721 2014 1291,
739 1967 758 2001 et

84 2030 164 2080 quidem
176 2030 196 2068 in
209 2030 289 2079 regione
304 2029 420 2080 longinqua,
434 2030 487 2068 unde
500 2041 540 2068 non
555 2035 585 2069 est
597 2030 670 2070 mirum
680 2041 684 2046 ·’
690 2031 757 2081 ipsum

82 2100 130 2140 citra
142 2100 310 2139 rerumordinem
322 2110 413 2149 vagasse.
427 2099 502 2138 Etenim
519 2100 616 2139 adventus
628 2101 654 2139 Sj
664 2101 757 2140 Ludoriici

83 2170 104 2209 in
118 2170 209 2209 Carmelo
226 2169 300 2209 bullam
319 2169 425 2209 Innocentii
436 2169 461 2208 tv
477 2182 495 2208 a.
514 2180 563 2220 1252
583 2170 702 2210 subsecutus
719 2172 756 2217 est,

106 2320 127 2363 (ι)
138 2318 191 2352 Bulla
198 2325 257 2352 exstat
266 2318 285 2351 in
296 2317 380 2361 Registro
390 2319 493 2353 innocentii
502 2319 527 2352 lV
542 2320 569 2353 ed.
580 2319 620 2353 Elie
636 2321 709 2364 Berger,
724 2321 758 2362 lll,

84 2388 112 2421 24,
123 2388 141 2412 n.
152 2377 203 2420 5563,
216 2377 247 2411 ubi
256 2376 482 2422 tamenaliquaeclausulae
492 2379 563 2412 desunt.
660 2405 671 2416 ,.
