<?xml version="1.0" encoding="UTF-8"?>
<!DOCTYPE html PUBLIC "-//W3C//DTD XHTML 1.0 Transitional//EN"
    "http://www.w3.org/TR/xhtml1/DTD/xhtml1-transitional.dtd">
<html xmlns="http://www.w3.org/1999/xhtml" xml:lang="en" lang="en">
 <head>
  <title>
</title>
<meta http-equiv="Content-Type" content="text/html;charset=utf-8" />
  <meta name='ocr-system' content='tesseract 3.04.00' />
  <meta name='ocr-capabilities' content='ocr_page ocr_carea ocr_par ocr_line ocrx_word'/>
</head>
<body>
  <div class='ocr_page' id='page_1' title='image "MN5087ucmf_2_0226.png"; bbox 0 0 1631 2703; ppageno 0'>
   <div class='ocr_carea' id='block_1_1' title="bbox 118 112 776 176">
    <p class='ocr_par' dir='ltr' id='par_1_1' title="bbox 118 112 776 176">
     <span class='ocr_line' id='line_1_1' title="bbox 118 112 776 176; baseline -0.009 -1"><span class='ocrx_word' id='word_1_1' title='bbox 118 112 776 176; x_wconf 68' lang='lat' dir='ltr'>attttttttttttttatttttarataram</span> 
     </span>
    </p>
   </div>
   <div class='ocr_carea' id='block_1_2' title="bbox 254 337 634 383">
    <p class='ocr_par' dir='ltr' id='par_1_2' title="bbox 254 337 634 383">
     <span class='ocr_line' id='line_1_2' title="bbox 254 337 634 383; baseline -0.005 -9"><span class='ocrx_word' id='word_1_2' title='bbox 254 337 391 374; x_wconf 78' lang='lat' dir='ltr'>Adnotationes</span> <span class='ocrx_word' id='word_1_3' title='bbox 401 337 425 373; x_wconf 82' lang='lat' dir='ltr'>ad</span> <span class='ocrx_word' id='word_1_4' title='bbox 439 337 527 383; x_wconf 76' lang='lat' dir='ltr'>capitula</span> <span class='ocrx_word' id='word_1_5' title='bbox 535 337 634 374; x_wconf 80' lang='lat' dir='ltr'>Generalia</span> 
     </span>
    </p>
   </div>
   <div class='ocr_carea' id='block_1_3' title="bbox 109 461 787 1960">
    <p class='ocr_par' dir='ltr' id='par_1_3' title="bbox 109 461 778 652">
     <span class='ocr_line' id='line_1_3' title="bbox 135 461 778 515; baseline -0.008 -12"><span class='ocrx_word' id='word_1_6' title='bbox 135 464 228 514; x_wconf 80' lang='lat' dir='ltr'>Superest</span> <span class='ocrx_word' id='word_1_7' title='bbox 250 469 272 503; x_wconf 88' lang='lat' dir='ltr'>ut</span> <span class='ocrx_word' id='word_1_8' title='bbox 287 466 371 503; x_wconf 85' lang='lat' dir='ltr'>breviter</span> <span class='ocrx_word' id='word_1_9' title='bbox 383 465 512 515; x_wconf 71' lang='lat' dir='ltr'>perstringam</span> <span class='ocrx_word' id='word_1_10' title='bbox 534 476 578 514; x_wconf 81' lang='lat' dir='ltr'>quae</span> <span class='ocrx_word' id='word_1_11' title='bbox 595 464 619 501; x_wconf 86' lang='lat' dir='ltr'>de</span> <span class='ocrx_word' id='word_1_12' title='bbox 634 461 778 512; x_wconf 72' lang='lat' dir='ltr'>antiquioribus</span> 
     </span>
     <span class='ocr_line' id='line_1_4' title="bbox 109 531 777 582; baseline -0.006 -11"><span class='ocrx_word' id='word_1_13' title='bbox 109 534 199 582; x_wconf 85' lang='lat' dir='ltr'>capitulis</span> <span class='ocrx_word' id='word_1_14' title='bbox 208 534 264 572; x_wconf 90' lang='lat' dir='ltr'>nobis</span> <span class='ocrx_word' id='word_1_15' title='bbox 276 534 344 572; x_wconf 82' lang='lat' dir='ltr'>tradita</span> <span class='ocrx_word' id='word_1_16' title='bbox 356 539 410 572; x_wconf 89' lang='lat' dir='ltr'>sunt.</span> <span class='ocrx_word' id='word_1_17' title='bbox 424 535 443 572; x_wconf 90' lang='lat' dir='ltr'>ln</span> <span class='ocrx_word' id='word_1_18' title='bbox 456 534 524 582; x_wconf 90' lang='lat' dir='ltr'>primis</span> <span class='ocrx_word' id='word_1_19' title='bbox 536 545 601 571; x_wconf 88' lang='lat' dir='ltr'>sermo</span> <span class='ocrx_word' id='word_1_20' title='bbox 610 533 645 570; x_wconf 86' lang='lat' dir='ltr'>erit</span> <span class='ocrx_word' id='word_1_21' title='bbox 657 533 680 569; x_wconf 93' lang='lat' dir='ltr'>de</span> <span class='ocrx_word' id='word_1_22' title='bbox 694 531 777 580; x_wconf 80' lang='lat' dir='ltr'>capitulo</span> 
     </span>
     <span class='ocr_line' id='line_1_5' title="bbox 110 602 618 652; baseline -0.002 -11"><span class='ocrx_word' id='word_1_23' title='bbox 110 603 140 641; x_wconf 87' lang='lat' dir='ltr'>vel</span> <span class='ocrx_word' id='word_1_24' title='bbox 152 603 241 651; x_wconf 87' lang='lat' dir='ltr'>capitulis</span> <span class='ocrx_word' id='word_1_25' title='bbox 251 603 270 641; x_wconf 93' lang='lat' dir='ltr'>in</span> <span class='ocrx_word' id='word_1_26' title='bbox 280 603 323 652; x_wconf 91' lang='lat' dir='ltr'>ipso</span> <span class='ocrx_word' id='word_1_27' title='bbox 336 607 403 641; x_wconf 84' lang='lat' dir='ltr'>monte</span> <span class='ocrx_word' id='word_1_28' title='bbox 415 602 497 640; x_wconf 76' lang='lat' dir='ltr'>Carmeli</span> <span class='ocrx_word' id='word_1_29' title='bbox 510 602 618 640; x_wconf 70' lang='lat' dir='ltr'>celebratis.</span> 
     </span>
    </p>

    <p class='ocr_par' dir='ltr' id='par_1_4' title="bbox 110 670 780 791">
     <span class='ocr_line' id='line_1_6' title="bbox 135 670 780 722; baseline -0.005 -13"><span class='ocrx_word' id='word_1_30' title='bbox 135 671 232 718; x_wconf 79' lang='lat' dir='ltr'>lohannes</span> <span class='ocrx_word' id='word_1_31' title='bbox 242 672 394 722; x_wconf 81' lang='lat' dir='ltr'>Palaeonydorus</span> <span class='ocrx_word' id='word_1_32' title='bbox 409 672 427 708; x_wconf 93' lang='lat' dir='ltr'>in</span> <span class='ocrx_word' id='word_1_33' title='bbox 438 672 487 709; x_wconf 89' lang='lat' dir='ltr'>libro</span> <span class='ocrx_word' id='word_1_34' title='bbox 499 671 532 720; x_wconf 89' lang='lat' dir='ltr'>qui</span> <span class='ocrx_word' id='word_1_35' title='bbox 544 671 652 709; x_wconf 69' lang='lat' dir='ltr'>Fasciculus</span> <span class='ocrx_word' id='word_1_36' title='bbox 664 670 780 707; x_wconf 78' lang='lat' dir='ltr'>trirrrcrestus</span> 
     </span>
     <span class='ocr_line' id='line_1_7' title="bbox 110 740 378 791; baseline -0.004 -13"><span class='ocrx_word' id='word_1_37' title='bbox 110 740 118 786; x_wconf 89' lang='lat'>(</span> <span class='ocrx_word' id='word_1_38' title='bbox 124 740 142 791; x_wconf 83' lang='lat' dir='ltr'>r)</span> <span class='ocrx_word' id='word_1_39' title='bbox 153 740 264 778; x_wconf 77' lang='lat' dir='ltr'>inscribitur</span> <span class='ocrx_word' id='word_1_40' title='bbox 272 740 299 778; x_wconf 89' lang='lat' dir='ltr'>sic</span> <span class='ocrx_word' id='word_1_41' title='bbox 309 741 378 778; x_wconf 81' lang='lat' dir='ltr'>habel:</span> 
     </span>
    </p>

    <p class='ocr_par' dir='ltr' id='par_1_5' title="bbox 112 806 787 1960">
     <span class='ocr_line' id='line_1_8' title="bbox 138 806 780 859; baseline -0.005 -13"><span class='ocrx_word' id='word_1_42' title='bbox 138 810 150 847; x_wconf 93' lang='lat' dir='ltr'>l.</span> <span class='ocrx_word' id='word_1_43' title='bbox 165 820 176 845; x_wconf 78' lang='lat' dir='ltr'>&lt;r</span> <span class='ocrx_word' id='word_1_44' title='bbox 196 809 264 847; x_wconf 87' lang='lat' dir='ltr'>Statim</span> <span class='ocrx_word' id='word_1_45' title='bbox 284 814 330 858; x_wconf 88' lang='lat' dir='ltr'>post</span> <span class='ocrx_word' id='word_1_46' title='bbox 350 814 434 847; x_wconf 88' lang='lat' dir='ltr'>mortem</span> <span class='ocrx_word' id='word_1_47' title='bbox 458 808 523 859; x_wconf 87' lang='lat' dir='ltr'>Cyrilli</span> <span class='ocrx_word' id='word_1_48' title='bbox 549 808 661 846; x_wconf 85' lang='lat' dir='ltr'>convocatis</span> <span class='ocrx_word' id='word_1_49' title='bbox 683 806 780 846; x_wconf 87' lang='lat' dir='ltr'>universis</span> 
     </span>
     <span class='ocr_line' id='line_1_9' title="bbox 112 877 781 926; baseline -0.004 -11"><span class='ocrx_word' id='word_1_50' title='bbox 112 877 202 915; x_wconf 91' lang='lat' dir='ltr'>omnium</span> <span class='ocrx_word' id='word_1_51' title='bbox 214 878 279 915; x_wconf 81' lang='lat' dir='ltr'>Terrae</span> <span class='ocrx_word' id='word_1_52' title='bbox 287 878 362 915; x_wconf 82' lang='lat' dir='ltr'>Sanctae</span> <span class='ocrx_word' id='word_1_53' title='bbox 374 882 508 916; x_wconf 74' lang='lat' dir='ltr'>conventuum</span> <span class='ocrx_word' id='word_1_54' title='bbox 518 877 606 926; x_wconf 84' lang='lat' dir='ltr'>patribus</span> <span class='ocrx_word' id='word_1_55' title='bbox 615 878 688 915; x_wconf 83' lang='lat' dir='ltr'>iactum</span> <span class='ocrx_word' id='word_1_56' title='bbox 706 881 735 913; x_wconf 90' lang='lat' dir='ltr'>est</span> <span class='ocrx_word' id='word_1_57' title='bbox 751 886 781 912; x_wconf 88' lang='lat' dir='ltr'>ca-</span> 
     </span>
     <span class='ocr_line' id='line_1_10' title="bbox 113 945 782 995; baseline -0.001 -12"><span class='ocrx_word' id='word_1_58' title='bbox 113 947 196 995; x_wconf 87' lang='lat' dir='ltr'>pitulum</span> <span class='ocrx_word' id='word_1_59' title='bbox 203 948 293 995; x_wconf 84' lang='lat' dir='ltr'>generale</span> <span class='ocrx_word' id='word_1_60' title='bbox 306 947 325 984; x_wconf 90' lang='lat' dir='ltr'>in</span> <span class='ocrx_word' id='word_1_61' title='bbox 333 947 413 984; x_wconf 86' lang='lat' dir='ltr'>ecclesia</span> <span class='ocrx_word' id='word_1_62' title='bbox 422 947 513 995; x_wconf 86' lang='lat' dir='ltr'>primaria</span> <span class='ocrx_word' id='word_1_63' title='bbox 522 946 610 995; x_wconf 84' lang='lat' dir='ltr'>Virginis</span> <span class='ocrx_word' id='word_1_64' title='bbox 621 945 686 983; x_wconf 84' lang='lat' dir='ltr'>llariae</span> <span class='ocrx_word' id='word_1_65' title='bbox 695 945 714 983; x_wconf 92' lang='lat' dir='ltr'>in</span> <span class='ocrx_word' id='word_1_66' title='bbox 725 955 782 982; x_wconf 90' lang='lat' dir='ltr'>mon-</span> 
     </span>
     <span class='ocr_line' id='line_1_11' title="bbox 112 1014 782 1065; baseline -0.003 -12"><span class='ocrx_word' id='word_1_67' title='bbox 112 1021 131 1053; x_wconf 87' lang='lat' dir='ltr'>te</span> <span class='ocrx_word' id='word_1_68' title='bbox 147 1016 237 1053; x_wconf 80' lang='lat' dir='ltr'>Carmeli.</span> <span class='ocrx_word' id='word_1_69' title='bbox 249 1014 275 1054; x_wconf 92' lang='lat' dir='ltr'>lbi</span> <span class='ocrx_word' id='word_1_70' title='bbox 291 1027 337 1053; x_wconf 89' lang='lat' dir='ltr'>vero</span> <span class='ocrx_word' id='word_1_71' title='bbox 353 1015 448 1054; x_wconf 85' lang='lat' dir='ltr'>omnibus</span> <span class='ocrx_word' id='word_1_72' title='bbox 460 1016 484 1053; x_wconf 84' lang='lat' dir='ltr'>ad</span> <span class='ocrx_word' id='word_1_73' title='bbox 497 1015 584 1065; x_wconf 84' lang='lat' dir='ltr'>vigiliam</span> <span class='ocrx_word' id='word_1_74' title='bbox 599 1015 661 1053; x_wconf 86' lang='lat' dir='ltr'>noctis</span> <span class='ocrx_word' id='word_1_75' title='bbox 675 1019 694 1052; x_wconf 88' lang='lat' dir='ltr'>et</span> <span class='ocrx_word' id='word_1_76' title='bbox 704 1014 729 1052; x_wconf 80' lang='lat' dir='ltr'>ad</span> <span class='ocrx_word' id='word_1_77' title='bbox 740 1025 782 1052; x_wconf 88' lang='lat' dir='ltr'>ora-</span> 
     </span>
     <span class='ocr_line' id='line_1_12' title="bbox 112 1082 781 1133; baseline -0.004 -12"><span class='ocrx_word' id='word_1_78' title='bbox 112 1084 187 1122; x_wconf 86' lang='lat' dir='ltr'>tionem</span> <span class='ocrx_word' id='word_1_79' title='bbox 209 1084 289 1122; x_wconf 86' lang='lat' dir='ltr'>hortatis</span> <span class='ocrx_word' id='word_1_80' title='bbox 312 1084 401 1133; x_wconf 82' lang='lat' dir='ltr'>apparuit</span> <span class='ocrx_word' id='word_1_81' title='bbox 421 1084 516 1133; x_wconf 86' lang='lat' dir='ltr'>superiori</span> <span class='ocrx_word' id='word_1_82' title='bbox 528 1084 601 1122; x_wconf 89' lang='lat' dir='ltr'>montis</span> <span class='ocrx_word' id='word_1_83' title='bbox 621 1083 704 1121; x_wconf 83' lang='lat' dir='ltr'>Carmeli</span> <span class='ocrx_word' id='word_1_84' title='bbox 722 1082 781 1131; x_wconf 82' lang='lat' dir='ltr'>Virgo</span> 
     </span>
     <span class='ocr_line' id='line_1_13' title="bbox 113 1152 782 1202; baseline -0.001 -13"><span class='ocrx_word' id='word_1_85' title='bbox 113 1153 200 1202; x_wconf 85' lang='lat' dir='ltr'>gloriosa</span> <span class='ocrx_word' id='word_1_86' title='bbox 211 1153 285 1201; x_wconf 83' lang='lat' dir='ltr'>ingenti</span> <span class='ocrx_word' id='word_1_87' title='bbox 303 1153 377 1190; x_wconf 88' lang='lat' dir='ltr'>lumine</span> <span class='ocrx_word' id='word_1_88' title='bbox 389 1154 468 1191; x_wconf 89' lang='lat' dir='ltr'>dicens:</span> <span class='ocrx_word' id='word_1_89' title='bbox 486 1153 520 1191; x_wconf 85' lang='lat' dir='ltr'>llic</span> <span class='ocrx_word' id='word_1_90' title='bbox 532 1164 596 1191; x_wconf 84' lang='lat' dir='ltr'>sermo</span> <span class='ocrx_word' id='word_1_91' title='bbox 608 1153 648 1190; x_wconf 85' lang='lat' dir='ltr'>Filii</span> <span class='ocrx_word' id='word_1_92' title='bbox 666 1152 704 1190; x_wconf 90' lang='lat' dir='ltr'>mei</span> <span class='ocrx_word' id='word_1_93' title='bbox 719 1155 749 1189; x_wconf 89' lang='lat' dir='ltr'>est</span> <span class='ocrx_word' id='word_1_94' title='bbox 760 1155 782 1188; x_wconf 86' lang='lat' dir='ltr'>ut</span> 
     </span>
     <span class='ocr_line' id='line_1_14' title="bbox 113 1220 782 1272; baseline -0.003 -13"><span class='ocrx_word' id='word_1_95' title='bbox 113 1233 154 1259; x_wconf 89' lang='lat' dir='ltr'>non</span> <span class='ocrx_word' id='word_1_96' title='bbox 166 1223 232 1260; x_wconf 88' lang='lat' dir='ltr'>solum</span> <span class='ocrx_word' id='word_1_97' title='bbox 244 1222 367 1260; x_wconf 75' lang='lat' dir='ltr'>Palaestinam</span> <span class='ocrx_word' id='word_1_98' title='bbox 377 1226 395 1260; x_wconf 85' lang='lat' dir='ltr'>et</span> <span class='ocrx_word' id='word_1_99' title='bbox 404 1222 477 1272; x_wconf 85' lang='lat' dir='ltr'>Syriam</span> <span class='ocrx_word' id='word_1_100' title='bbox 488 1222 522 1259; x_wconf 95' lang='lat' dir='ltr'>sed</span> <span class='ocrx_word' id='word_1_101' title='bbox 535 1222 592 1260; x_wconf 84' lang='lat' dir='ltr'>etiam</span> <span class='ocrx_word' id='word_1_102' title='bbox 605 1221 720 1260; x_wconf 83' lang='lat' dir='ltr'>universum</span> <span class='ocrx_word' id='word_1_103' title='bbox 737 1220 782 1259; x_wconf 85' lang='lat' dir='ltr'>Car-</span> 
     </span>
     <span class='ocr_line' id='line_1_15' title="bbox 115 1291 783 1340; baseline 0 -12"><span class='ocrx_word' id='word_1_104' title='bbox 115 1291 160 1328; x_wconf 87' lang='lat' dir='ltr'>meli</span> <span class='ocrx_word' id='word_1_105' title='bbox 171 1291 225 1329; x_wconf 85' lang='lat' dir='ltr'>Ordo</span> <span class='ocrx_word' id='word_1_106' title='bbox 243 1292 310 1328; x_wconf 89' lang='lat' dir='ltr'>orbem</span> <span class='ocrx_word' id='word_1_107' title='bbox 323 1291 450 1329; x_wconf 81' lang='lat' dir='ltr'>christianum</span> <span class='ocrx_word' id='word_1_108' title='bbox 463 1292 572 1330; x_wconf 83' lang='lat' dir='ltr'>illustraret.</span> <span class='ocrx_word' id='word_1_109' title='bbox 589 1292 638 1329; x_wconf 89' lang='lat' dir='ltr'>Hinc</span> <span class='ocrx_word' id='word_1_110' title='bbox 649 1291 728 1340; x_wconf 82' lang='lat' dir='ltr'>quidam</span> <span class='ocrx_word' id='word_1_111' title='bbox 749 1302 783 1328; x_wconf 84' lang='lat' dir='ltr'>na-</span> 
     </span>
     <span class='ocr_line' id='line_1_16' title="bbox 114 1359 784 1409; baseline -0.003 -12"><span class='ocrx_word' id='word_1_112' title='bbox 114 1360 167 1398; x_wconf 86' lang='lat' dir='ltr'>tione</span> <span class='ocrx_word' id='word_1_113' title='bbox 178 1360 243 1409; x_wconf 85' lang='lat' dir='ltr'>Cyprii</span> <span class='ocrx_word' id='word_1_114' title='bbox 255 1360 338 1397; x_wconf 82' lang='lat' dir='ltr'>Carmeli</span> <span class='ocrx_word' id='word_1_115' title='bbox 350 1360 439 1398; x_wconf 89' lang='lat' dir='ltr'>ordinem</span> <span class='ocrx_word' id='word_1_116' title='bbox 451 1360 471 1398; x_wconf 92' lang='lat' dir='ltr'>in</span> <span class='ocrx_word' id='word_1_117' title='bbox 480 1361 595 1409; x_wconf 81' lang='lat' dir='ltr'>Famagusta</span> <span class='ocrx_word' id='word_1_118' title='bbox 607 1361 742 1398; x_wconf 85' lang='lat' dir='ltr'>instituerunt.</span> <span class='ocrx_word' id='word_1_119' title='bbox 755 1359 784 1396; x_wconf 87' lang='lat' dir='ltr'>Si-</span> 
     </span>
     <span class='ocr_line' id='line_1_17' title="bbox 116 1427 784 1478; baseline -0.001 -13"><span class='ocrx_word' id='word_1_120' title='bbox 116 1428 187 1466; x_wconf 81' lang='lat' dir='ltr'>militer</span> <span class='ocrx_word' id='word_1_121' title='bbox 199 1428 218 1465; x_wconf 93' lang='lat' dir='ltr'>in</span> <span class='ocrx_word' id='word_1_122' title='bbox 236 1440 301 1466; x_wconf 87' lang='lat' dir='ltr'>eremo</span> <span class='ocrx_word' id='word_1_123' title='bbox 314 1429 409 1466; x_wconf 82' lang='lat' dir='ltr'>Frontana</span> <span class='ocrx_word' id='word_1_124' title='bbox 421 1430 508 1478; x_wconf 89' lang='lat' dir='ltr'>ejusdem</span> <span class='ocrx_word' id='word_1_125' title='bbox 521 1429 597 1467; x_wconf 82' lang='lat' dir='ltr'>insulae.</span> <span class='ocrx_word' id='word_1_126' title='bbox 612 1429 649 1467; x_wconf 84' lang='lat' dir='ltr'>Alii</span> <span class='ocrx_word' id='word_1_127' title='bbox 663 1440 707 1466; x_wconf 85' lang='lat' dir='ltr'>vero</span> <span class='ocrx_word' id='word_1_128' title='bbox 720 1428 744 1465; x_wconf 91' lang='lat' dir='ltr'>de</span> <span class='ocrx_word' id='word_1_129' title='bbox 755 1427 784 1464; x_wconf 84' lang='lat' dir='ltr'>Si-</span> 
     </span>
     <span class='ocr_line' id='line_1_18' title="bbox 116 1496 785 1535; baseline -0.001 -1"><span class='ocrx_word' id='word_1_130' title='bbox 116 1497 158 1535; x_wconf 82' lang='lat' dir='ltr'>cilia</span> <span class='ocrx_word' id='word_1_131' title='bbox 167 1497 204 1535; x_wconf 86' lang='lat' dir='ltr'>orti</span> <span class='ocrx_word' id='word_1_132' title='bbox 214 1498 346 1535; x_wconf 81' lang='lat' dir='ltr'>fundaverunt</span> <span class='ocrx_word' id='word_1_133' title='bbox 360 1498 501 1535; x_wconf 83' lang='lat' dir='ltr'>monasterium</span> <span class='ocrx_word' id='word_1_134' title='bbox 513 1498 532 1535; x_wconf 92' lang='lat' dir='ltr'>in</span> <span class='ocrx_word' id='word_1_135' title='bbox 545 1497 640 1535; x_wconf 88' lang='lat' dir='ltr'>suburbio</span> <span class='ocrx_word' id='word_1_136' title='bbox 652 1498 746 1535; x_wconf 76' lang='lat' dir='ltr'>Messanae</span> <span class='ocrx_word' id='word_1_137' title='bbox 758 1496 785 1533; x_wconf 88' lang='lat' dir='ltr'>ci-</span> 
     </span>
     <span class='ocr_line' id='line_1_19' title="bbox 115 1565 784 1615; baseline -0.001 -12"><span class='ocrx_word' id='word_1_138' title='bbox 115 1566 188 1610; x_wconf 82' lang='lat' dir='ltr'>vitatis,</span> <span class='ocrx_word' id='word_1_139' title='bbox 199 1566 218 1603; x_wconf 93' lang='lat' dir='ltr'>in</span> <span class='ocrx_word' id='word_1_140' title='bbox 239 1566 441 1610; x_wconf 82' lang='lat' dir='ltr'>urbePanormitana,</span> <span class='ocrx_word' id='word_1_141' title='bbox 463 1567 584 1615; x_wconf 86' lang='lat' dir='ltr'>Drepanensi</span> <span class='ocrx_word' id='word_1_142' title='bbox 601 1567 718 1610; x_wconf 82' lang='lat' dir='ltr'>acLeoeata,</span> <span class='ocrx_word' id='word_1_143' title='bbox 739 1565 784 1602; x_wconf 83' lang='lat' dir='ltr'>alias</span> 
     </span>
     <span class='ocr_line' id='line_1_20' title="bbox 116 1633 785 1684; baseline -0.003 -11"><span class='ocrx_word' id='word_1_144' title='bbox 116 1635 204 1673; x_wconf 76' lang='lat' dir='ltr'>Leontio.</span> <span class='ocrx_word' id='word_1_145' title='bbox 213 1635 232 1673; x_wconf 98' lang='lat' dir='ltr'>ll.</span> <span class='ocrx_word' id='word_1_146' title='bbox 245 1635 264 1672; x_wconf 90' lang='lat' dir='ltr'>ln</span> <span class='ocrx_word' id='word_1_147' title='bbox 274 1635 311 1673; x_wconf 89' lang='lat' dir='ltr'>hoc</span> <span class='ocrx_word' id='word_1_148' title='bbox 318 1636 407 1683; x_wconf 77' lang='lat' dir='ltr'>,capitulo</span> <span class='ocrx_word' id='word_1_149' title='bbox 418 1641 458 1673; x_wconf 88' lang='lat' dir='ltr'>erat</span> <span class='ocrx_word' id='word_1_150' title='bbox 465 1635 576 1674; x_wconf 82' lang='lat' dir='ltr'>ordinatum</span> <span class='ocrx_word' id='word_1_151' title='bbox 585 1640 681 1684; x_wconf 87' lang='lat' dir='ltr'>quatenus</span> <span class='ocrx_word' id='word_1_152' title='bbox 689 1635 708 1672; x_wconf 92' lang='lat' dir='ltr'>in</span> <span class='ocrx_word' id='word_1_153' title='bbox 720 1633 785 1672; x_wconf 83' lang='lat' dir='ltr'>omni-</span> 
     </span>
     <span class='ocr_line' id='line_1_21' title="bbox 116 1703 785 1752; baseline -0.001 -11"><span class='ocrx_word' id='word_1_154' title='bbox 116 1704 154 1742; x_wconf 90' lang='lat' dir='ltr'>bus</span> <span class='ocrx_word' id='word_1_155' title='bbox 163 1703 293 1742; x_wconf 85' lang='lat' dir='ltr'>observantiis</span> <span class='ocrx_word' id='word_1_156' title='bbox 305 1704 412 1742; x_wconf 71' lang='lat' dir='ltr'>uniformes</span> <span class='ocrx_word' id='word_1_157' title='bbox 425 1704 565 1752; x_wconf 82' lang='lat' dir='ltr'>inveniremur,</span> <span class='ocrx_word' id='word_1_158' title='bbox 576 1710 618 1742; x_wconf 91' lang='lat' dir='ltr'>tum</span> <span class='ocrx_word' id='word_1_159' title='bbox 634 1704 654 1742; x_wconf 93' lang='lat' dir='ltr'>in</span> <span class='ocrx_word' id='word_1_160' title='bbox 672 1704 736 1742; x_wconf 84' lang='lat' dir='ltr'>officio</span> <span class='ocrx_word' id='word_1_161' title='bbox 757 1714 785 1740; x_wconf 83' lang='lat' dir='ltr'>ec-</span> 
     </span>
     <span class='ocr_line' id='line_1_22' title="bbox 117 1772 786 1822; baseline 0.001 -13"><span class='ocrx_word' id='word_1_162' title='bbox 117 1772 231 1816; x_wconf 84' lang='lat' dir='ltr'>clesiastico,</span> <span class='ocrx_word' id='word_1_163' title='bbox 248 1778 291 1810; x_wconf 90' lang='lat' dir='ltr'>tum</span> <span class='ocrx_word' id='word_1_164' title='bbox 303 1772 323 1810; x_wconf 94' lang='lat' dir='ltr'>in</span> <span class='ocrx_word' id='word_1_165' title='bbox 335 1773 457 1811; x_wconf 85' lang='lat' dir='ltr'>vestimentis</span> <span class='ocrx_word' id='word_1_166' title='bbox 470 1777 488 1812; x_wconf 84' lang='lat' dir='ltr'>et</span> <span class='ocrx_word' id='word_1_167' title='bbox 500 1774 620 1822; x_wconf 82' lang='lat' dir='ltr'>hujusmodi.</span> <span class='ocrx_word' id='word_1_168' title='bbox 634 1773 695 1822; x_wconf 81' lang='lat' dir='ltr'>Cujus</span> <span class='ocrx_word' id='word_1_169' title='bbox 709 1772 786 1811; x_wconf 83' lang='lat' dir='ltr'>ordina-</span> 
     </span>
     <span class='ocr_line' id='line_1_23' title="bbox 117 1840 786 1890; baseline 0 -12"><span class='ocrx_word' id='word_1_170' title='bbox 117 1840 177 1879; x_wconf 85' lang='lat' dir='ltr'>tionis</span> <span class='ocrx_word' id='word_1_171' title='bbox 186 1845 216 1878; x_wconf 89' lang='lat' dir='ltr'>est</span> <span class='ocrx_word' id='word_1_172' title='bbox 227 1841 317 1878; x_wconf 81' lang='lat' dir='ltr'>initium:</span> <span class='ocrx_word' id='word_1_173' title='bbox 332 1840 425 1888; x_wconf 78' lang='lat' dir='ltr'>Quoniam</span> <span class='ocrx_word' id='word_1_174' title='bbox 437 1853 460 1879; x_wconf 80' lang='lat' dir='ltr'>ex</span> <span class='ocrx_word' id='word_1_175' title='bbox 471 1845 560 1890; x_wconf 69' lang='lat' dir='ltr'>precepto</span> <span class='ocrx_word' id='word_1_176' title='bbox 576 1844 689 1880; x_wconf 81' lang='lat' dir='ltr'>sanctornm</span> <span class='ocrx_word' id='word_1_177' title='bbox 710 1843 786 1889; x_wconf 81' lang='lat' dir='ltr'>patrum</span> 
     </span>
     <span class='ocr_line' id='line_1_24' title="bbox 114 1910 787 1960; baseline 0.001 -14"><span class='ocrx_word' id='word_1_178' title='bbox 114 1910 204 1960; x_wconf 82' lang='lat' dir='ltr'>jnbcrnur</span> <span class='ocrx_word' id='word_1_179' title='bbox 212 1910 278 1947; x_wconf 75' lang='lat' dir='ltr'>labere</span> <span class='ocrx_word' id='word_1_180' title='bbox 289 1922 321 1947; x_wconf 87' lang='lat' dir='ltr'>cor</span> <span class='ocrx_word' id='word_1_181' title='bbox 332 1922 390 1948; x_wconf 75' lang='lat' dir='ltr'>urrani</span> <span class='ocrx_word' id='word_1_182' title='bbox 401 1913 420 1948; x_wconf 81' lang='lat' dir='ltr'>et</span> <span class='ocrx_word' id='word_1_183' title='bbox 427 1911 510 1949; x_wconf 77' lang='lat' dir='ltr'>arairnorn</span> <span class='ocrx_word' id='word_1_184' title='bbox 522 1922 578 1949; x_wconf 79' lang='lat' dir='ltr'>curam</span> <span class='ocrx_word' id='word_1_185' title='bbox 591 1911 612 1948; x_wconf 81' lang='lat' dir='ltr'>in</span> <span class='ocrx_word' id='word_1_186' title='bbox 623 1911 703 1949; x_wconf 77' lang='lat' dir='ltr'>Domino</span> <span class='ocrx_word' id='word_1_187' title='bbox 713 1913 732 1948; x_wconf 83' lang='lat' dir='ltr'>ct</span> <span class='ocrx_word' id='word_1_188' title='bbox 742 1910 787 1959; x_wconf 80' lang='lat' dir='ltr'>qnia</span> 
     </span>
    </p>
   </div>
   <div class='ocr_carea' id='block_1_4' title="bbox 120 2039 788 2435">
    <p class='ocr_par' dir='ltr' id='par_1_6' title="bbox 120 2039 788 2435">
     <span class='ocr_line' id='line_1_25' title="bbox 141 2039 787 2085; baseline 0.002 -14"><span class='ocrx_word' id='word_1_189' title='bbox 141 2041 162 2081; x_wconf 80' lang='lat' dir='ltr'>(il</span> <span class='ocrx_word' id='word_1_190' title='bbox 172 2039 275 2072; x_wconf 79' lang='lat' dir='ltr'>Fasciculus</span> <span class='ocrx_word' id='word_1_191' title='bbox 288 2040 407 2081; x_wconf 78' lang='lat' dir='ltr'>trirnareslur,</span> <span class='ocrx_word' id='word_1_192' title='bbox 424 2048 498 2073; x_wconf 81' lang='lat' dir='ltr'>auctore</span> <span class='ocrx_word' id='word_1_193' title='bbox 509 2041 592 2073; x_wconf 81' lang='lat' dir='ltr'>iohanne</span> <span class='ocrx_word' id='word_1_194' title='bbox 603 2041 741 2085; x_wconf 82' lang='lat' dir='ltr'>Palaeonydoro,</span> <span class='ocrx_word' id='word_1_195' title='bbox 752 2039 787 2083; x_wconf 89' lang='lat' dir='ltr'>pri-</span> 
     </span>
     <span class='ocr_line' id='line_1_26' title="bbox 120 2097 786 2143; baseline 0.006 -14"><span class='ocrx_word' id='word_1_196' title='bbox 120 2107 169 2129; x_wconf 87' lang='lat' dir='ltr'>mum</span> <span class='ocrx_word' id='word_1_197' title='bbox 179 2097 197 2129; x_wconf 86' lang='lat' dir='ltr'>in</span> <span class='ocrx_word' id='word_1_198' title='bbox 207 2097 265 2130; x_wconf 84' lang='lat' dir='ltr'>lucem</span> <span class='ocrx_word' id='word_1_199' title='bbox 275 2098 334 2131; x_wconf 87' lang='lat' dir='ltr'>editus</span> <span class='ocrx_word' id='word_1_200' title='bbox 347 2099 446 2141; x_wconf 78' lang='lat' dir='ltr'>lloguntire</span> <span class='ocrx_word' id='word_1_201' title='bbox 455 2110 502 2132; x_wconf 76' lang='lat' dir='ltr'>anno</span> <span class='ocrx_word' id='word_1_202' title='bbox 512 2109 562 2143; x_wconf 77' lang='lat'>1497,</span> <span class='ocrx_word' id='word_1_203' title='bbox 572 2099 636 2132; x_wconf 84' lang='lat' dir='ltr'>deinde</span> <span class='ocrx_word' id='word_1_204' title='bbox 645 2099 725 2132; x_wconf 87' lang='lat' dir='ltr'>Veneriis</span> <span class='ocrx_word' id='word_1_205' title='bbox 735 2101 786 2142; x_wconf 75' lang='lat'>1570.</span> 
     </span>
     <span class='ocr_line' id='line_1_27' title="bbox 121 2155 787 2201; baseline 0.005 -14"><span class='ocrx_word' id='word_1_206' title='bbox 121 2156 174 2188; x_wconf 76' lang='lat' dir='ltr'>Extat</span> <span class='ocrx_word' id='word_1_207' title='bbox 184 2155 246 2188; x_wconf 82' lang='lat' dir='ltr'>saltem</span> <span class='ocrx_word' id='word_1_208' title='bbox 257 2156 317 2199; x_wconf 86' lang='lat' dir='ltr'>quoad</span> <span class='ocrx_word' id='word_1_209' title='bbox 325 2156 453 2200; x_wconf 80' lang='lat' dir='ltr'>principaliora</span> <span class='ocrx_word' id='word_1_210' title='bbox 463 2159 509 2200; x_wconf 80' lang='lat' dir='ltr'>apud</span> <span class='ocrx_word' id='word_1_211' title='bbox 519 2157 612 2190; x_wconf 83' lang='lat' dir='ltr'>Danielem</span> <span class='ocrx_word' id='word_1_212' title='bbox 625 2158 717 2201; x_wconf 78' lang='lat' dir='ltr'>aVirgine</span> <span class='ocrx_word' id='word_1_213' title='bbox 729 2157 787 2190; x_wconf 81' lang='lat' dir='ltr'>Maria</span> 
     </span>
     <span class='ocr_line' id='line_1_28' title="bbox 121 2213 788 2260; baseline 0.006 -15"><span class='ocrx_word' id='word_1_214' title='bbox 121 2213 139 2245; x_wconf 90' lang='lat' dir='ltr'>in</span> <span class='ocrx_word' id='word_1_215' title='bbox 151 2224 197 2246; x_wconf 81' lang='lat' dir='ltr'>novo</span> <span class='ocrx_word' id='word_1_216' title='bbox 205 2213 278 2257; x_wconf 82' lang='lat' dir='ltr'>Speculo</span> <span class='ocrx_word' id='word_1_217' title='bbox 291 2214 420 2256; x_wconf 67' lang='lat' dir='ltr'>Corrnelilarro</span> <span class='ocrx_word' id='word_1_218' title='bbox 430 2216 463 2248; x_wconf 89' lang='lat' dir='ltr'>sub</span> <span class='ocrx_word' id='word_1_219' title='bbox 473 2215 526 2248; x_wconf 78' lang='lat' dir='ltr'>titulo</span> <span class='ocrx_word' id='word_1_220' title='bbox 541 2216 631 2249; x_wconf 80' lang='lat' dir='ltr'>Fnscicali</span> <span class='ocrx_word' id='word_1_221' title='bbox 641 2216 737 2260; x_wconf 81' lang='lat' dir='ltr'>tripartiti,</span> <span class='ocrx_word' id='word_1_222' title='bbox 744 2217 788 2249; x_wconf 87' lang='lat' dir='ltr'>Ant-</span> 
     </span>
     <span class='ocr_line' id='line_1_29' title="bbox 122 2270 788 2319; baseline 0.006 -16"><span class='ocrx_word' id='word_1_223' title='bbox 122 2270 192 2314; x_wconf 83' lang='lat' dir='ltr'>werpiae</span> <span class='ocrx_word' id='word_1_224' title='bbox 204 2272 273 2314; x_wconf 60' lang='lat' dir='ltr'>rosor.</span> <span class='ocrx_word' id='word_1_225' title='bbox 286 2273 298 2306; x_wconf 92' lang='lat' dir='ltr'>l.</span> <span class='ocrx_word' id='word_1_226' title='bbox 311 2274 343 2316; x_wconf 84' lang='lat' dir='ltr'>Pp.</span> <span class='ocrx_word' id='word_1_227' title='bbox 357 2273 444 2317; x_wconf 70' lang='lat' dir='ltr'>pao-2733</span> <span class='ocrx_word' id='word_1_228' title='bbox 458 2284 511 2317; x_wconf 82' lang='lat' dir='ltr'>quarn</span> <span class='ocrx_word' id='word_1_229' title='bbox 521 2274 602 2307; x_wconf 84' lang='lat' dir='ltr'>ultimam</span> <span class='ocrx_word' id='word_1_230' title='bbox 613 2274 712 2307; x_wconf 81' lang='lat' dir='ltr'>editionem</span> <span class='ocrx_word' id='word_1_231' title='bbox 722 2285 788 2319; x_wconf 89' lang='lat' dir='ltr'>sequor</span> 
     </span>
     <span class='ocr_line' id='line_1_30' title="bbox 123 2330 787 2377; baseline 0.009 -16"><span class='ocrx_word' id='word_1_232' title='bbox 123 2340 164 2362; x_wconf 88' lang='lat' dir='ltr'>cum</span> <span class='ocrx_word' id='word_1_233' title='bbox 181 2330 200 2362; x_wconf 87' lang='lat' dir='ltr'>in</span> <span class='ocrx_word' id='word_1_234' title='bbox 214 2330 293 2364; x_wconf 89' lang='lat' dir='ltr'>editione</span> <span class='ocrx_word' id='word_1_235' title='bbox 310 2331 395 2375; x_wconf 81' lang='lat' dir='ltr'>originali</span> <span class='ocrx_word' id='word_1_236' title='bbox 412 2342 498 2365; x_wconf 81' lang='lat' dir='ltr'>numerus</span> <span class='ocrx_word' id='word_1_237' title='bbox 507 2333 612 2377; x_wconf 78' lang='lat' dir='ltr'>paginarum</span> <span class='ocrx_word' id='word_1_238' title='bbox 622 2344 659 2366; x_wconf 84' lang='lat' dir='ltr'>non</span> <span class='ocrx_word' id='word_1_239' title='bbox 671 2334 787 2376; x_wconf 80' lang='lat' dir='ltr'>exprimatur.</span> 
     </span>
     <span class='ocr_line' id='line_1_31' title="bbox 125 2386 514 2435; baseline 0.015 -16"><span class='ocrx_word' id='word_1_240' title='bbox 125 2389 184 2420; x_wconf 88' lang='lat' dir='ltr'>Locus</span> <span class='ocrx_word' id='word_1_241' title='bbox 192 2386 256 2421; x_wconf 82' lang='lat' dir='ltr'>citatus</span> <span class='ocrx_word' id='word_1_242' title='bbox 265 2389 341 2435; x_wconf 74' lang='lat' dir='ltr'>habetur</span> <span class='ocrx_word' id='word_1_243' title='bbox 352 2391 371 2423; x_wconf 83' lang='lat' dir='ltr'>P.</span> <span class='ocrx_word' id='word_1_244' title='bbox 381 2390 420 2432; x_wconf 81' lang='lat'><strong>255,</strong></span> <span class='ocrx_word' id='word_1_245' title='bbox 434 2402 451 2424; x_wconf 92' lang='lat' dir='ltr'>n.</span> <span class='ocrx_word' id='word_1_246' title='bbox 465 2402 514 2434; x_wconf 83' lang='lat'>1047.</span> 
     </span>
    </p>
   </div>
   <div class='ocr_carea' id='block_1_5' title="bbox 0 0 837 2703">
    <p class='ocr_par' dir='ltr' id='par_1_7' title="bbox 0 0 837 2703">
     <span class='ocr_line' id='line_1_32' title="bbox 0 0 837 2703; baseline 0 0"><span class='ocrx_word' id='word_1_247' title='bbox 0 0 837 2703; x_wconf 95' lang='lat' dir='ltr'> </span> 
     </span>
    </p>
   </div>
  </div>
 </body>
</html>
