1631 2703
261 104 329 132 unxere.
340 106 359 133 Α.
375 105 394 139 p.
410 105 466 145 ¹333·
670 105 703 144 123

40 164 139 214 demeritis
149 177 272 227 exigentibus
281 179 389 217 absolvitur
401 179 430 216 vel
443 179 548 228 deponitur
559 178 584 217 sit
595 179 619 216 de
630 178 705 228 gremio

39 245 119 294 capituli
129 247 252 294 provincialis
261 259 302 285 suae
314 248 427 297 provinciae,
437 260 476 286 non
487 253 553 286 tamen
564 248 657 286 diffinitor
669 247 706 285 nisi

39 314 131 363 eligatur„
142 320 160 353 et
172 316 239 369 habeat
255 317 337 366 primam
353 329 421 355 vocem
434 322 478 366 post
491 312 573 366 priorem
586 317 605 354 in
615 327 707 354 suocon-

39 387 99 422 ventu
108 396 130 421 ac
141 384 177 422 sibi
187 385 208 422 in
216 385 256 423 suis
266 385 379 423 necessariis
388 385 512 434 provideatur
522 386 572 422 sicut
581 385 646 433 priori.
654 384 705 422 Idem

39 453 131 500 volumus
143 453 167 489 de
179 453 277 502 magistris
287 465 325 491 non
337 453 448 502 regentibus
460 453 565 491 observari.
594 483 596 486 Α

66 521 112 558 llem
122 521 205 574 Rubrio-a
214 522 283 559 XXXV
292 522 326 559 ubi
336 522 405 559 dicitur
421 521 463 571 (1):
477 521 500 559 Si
506 522 548 570 quis
552 522 637 569 fratrum
649 521 709 557 alicui

38 590 131 627 sacer-aon·
137 590 201 628 nostri
211 590 284 628 ordinis
295 595 331 628 ete.
340 592 358 628 in
370 589 464 639 principio
477 594 568 638 ponatur:
578 590 663 627 Caveant
670 589 707 626 sibi

41 660 107 695 iratres
119 659 263 712 cuiuscumque
274 659 347 707 gradus
360 663 393 695 aut
404 663 467 695 status
479 657 563 695 existant
576 658 630 706 quod
642 657 709 705 praela-

40 726 65 764 tis
72 714 158 764 ecclesiae
165 717 261 764 malitiose
269 738 308 764 non
318 727 426 764 detrahant.
434 726 453 763 Si
460 727 503 775 quis
510 729 583 769 autem,
590 726 643 774 quod
649 725 706 768 absit,

41 784 132 832 inventus
145 800 163 832 et
175 796 278 833 convictus
290 795 346 833 inerit
358 795 444 832 Domino
454 783 522 832 nostro
534 795 590 843 Papae
602 793 709 832 detraxisse

41 868 74 900 aut
84 862 162 911 aliquod
172 864 254 901 verbum
264 864 415 901 diffamatorium
424 863 501 909 dixisse,
510 863 578 900 carceri
588 862 710 912 mancipetur

42 931 60 968 in
73 932 142 968 eodem
155 943 261 970 mansurus
273 933 335 969 donec
348 943 381 980 per
390 929 497 979 capitulum
510 933 600 980 generale
610 932 708 968 liberetur.

41 989 88 1036 ltem
103 999 122 1037 in
134 1001 201 1037 eadem
214 1000 296 1038 Rubricu
307 1000 341 1037 ubi
353 999 434 1037 dicitur:
446 1002 477 1047 (2)
488 1000 598 1052 abierunque
610 999 708 1037 Constitit-

43 1067 101 1106 iioues
112 1073 150 1106 etc.
164 1068 243 1106 dicitur:
259 1068 306 1106 tiant
318 1068 427 1106 secundum
439 1067 533 1116 justitiam
546 1073 564 1106 er
578 1068 651 1106 borram
663 1079 710 1106 con-

42 1137 151 1181 scientiam,
161 1137 255 1174 addatur:
267 1142 376 1174 recurratur
387 1136 410 1173 ad
420 1137 453 1184 jus
462 1147 575 1173 commune.

68 1206 114 1242 ltem
131 1203 213 1243 Rubrica
228 1205 283 1242 XLlV
298 1205 331 1243 ubi
346 1204 428 1242 dicitur:
449 1203 479 1254 (3)
499 1204 542 1241 ilem
559 1205 712 1252 volrnrrrrs‘quod

43 1272 92 1322 (Fol.
103 1283 140 1319 ara
159 1270 276 1324 [4])sraires
286 1273 360 1319 possint
371 1273 428 1310 libros
439 1283 481 1309 snos
490 1284 512 1309 ac
520 1273 560 1309 alio
566 1273 674 1319 personalia
687 1273 711 1309 ab

44 1340 110 1381 danicis
119 1345 154 1393 ete.
170 1341 192 1379 Et
209 1341 258 1378 inira
275 1341 307 1383 ubi
323 1340 404 1384 dicitur:
417 1341 484 1389 quibas
498 1341 544 1384 libri
559 1342 590 1378 erl
607 1340 713 1386 hzrjusmodi

43 1409 143 1445 distributa
151 1409 360 1457 flrerirtt‘emolimenta
374 1408 480 1445 animarum
492 1409 585 1455 recipiant
598 1409 618 1445 in
631 1409 712 1445 novissi-

44 1476 80 1513 aris
94 1477 138 1517 vito
153 1487 198 1518 saar,
214 1477 306 1514 addatur:
320 1477 373 1525 quod
385 1482 429 1513 ante
443 1477 508 1514 omnia
521 1487 611 1524 expensae
623 1478 677 1514 tactae
691 1476 709 1514 in

44 1535 155 1582 infirmitate
164 1550 183 1582 et
191 1544 278 1593 exequiis
287 1545 311 1582 de
323 1545 381 1583 bonis
393 1546 473 1589 fratrum
485 1545 622 1588 decedentium
634 1546 712 1583 solvan

43 1604 83 1650 tur.
132 1652 134 1654 ,
444 1654 446 1658 ,

45 1719 47 1722 ,
71 1682 116 1735 ltem
125 1681 238 1723 ordinamus
245 1682 352 1729 capitulum
359 1682 447 1729 generale
455 1681 567 1729 proximum
574 1681 711 1719 celebrandurn

44 1750 138 1787 Bruxellae
151 1749 170 1786 in
186 1749 284 1797 provincia
297 1749 405 1791 Alemaniae
418 1754 437 1786 et
453 1748 596 1786 committimus
610 1749 667 1797 priori
679 1760 712 1797 ge-

44 1816 103 1872 nerali
116 1817 255 1871 'auctoritatem
271 1823 289 1855 et
307 1822 422 1866 potestatem
437 1816 525 1854 mutandi
537 1816 553 1855 si
566 1816 671 1862 necessitas
679 1828 712 1856 su-

44 1886 151 1937 perveniat.
162 1887 207 1923 ltem
217 1886 344 1924 concedimus
354 1885 416 1923 eidem
426 1891 448 1923 ut
457 1886 493 1923 sibi
503 1885 567 1923 socios
574 1897 624 1934 quos
631 1886 713 1924 voluerit

43 1937 133 1996 bssumat
151 1954 261 1992 secundum
280 1955 333 2002 quod
354 1954 390 1992 sibi
408 1954 503 1991 videbitur
520 1954 616 2001 expedire.
635 1954 711 1992 Omnes

44 2022 197 2060 'constitutiones
209 2023 315 2060 contrarias
331 2022 447 2070 supradictis
462 2022 575 2070 simpliciter
587 2015 715 2060 revocamuss

67 2136 90 2177 {il
102 2145 133 2166 no.
149 2145 162 2167 ι.

68 2193 91 2235 ta}
103 2202 133 2224 no.
147 2193 163 2224 5.

68 2250 89 2292 (3)
100 2260 130 2283 no.
139 2261 155 2293 7.
639 2281 640 2284 ,

68 2307 90 2349 (4l
103 2307 141 2340 Fol.
148 2318 171 2349 40
186 2308 201 2350 (a
208 2314 225 2340 et
230 2307 246 2349 bl
255 2307 479 2341 continetinstrumentum
491 2307 564 2350 aliquod
570 2307 593 2339 ad
602 2306 712 2349 provinciam

46 2364 159 2398 Alemanniae
169 2365 260 2407 pertinens
269 2372 286 2398 et
295 2364 325 2398 hic
333 2375 427 2408 perperam
437 2364 529 2398 insertum.
588 2382 590 2384 v
616 2397 618 2399 ,
