1616 2703
90 129 138 180 'ada
296 123 298 125 ’
349 142 401 170 natat
416 141 526 171 carilocus

98 219 122 256 A.
134 218 156 255 D.
174 228 231 267 ¹530·
244 217 353 255 Extinctam
365 217 482 267 religionem
494 216 610 265 suscitavit;
628 217 714 267 neglecta
731 222 774 256 stu-

97 286 128 324 dia
141 286 245 331 revocavit,
260 286 382 335 provinciam
394 286 464 325 Scotiae
477 286 591 324 reformavit
604 297 649 335 rege
660 286 684 324 ad
702 286 721 324 id
744 287 775 325 in-

98 356 191 406 stigante.
205 356 317 404 Principum
333 357 420 394 savorem
432 360 501 394 nactus
510 355 590 409 ubique⁴
602 357 702 403 reformat,
714 360 774 405 atque

99 426 201 464 commissi
214 426 281 475 gregis
293 425 389 464 rationem
402 426 483 464 reddere
494 425 575 474 cupiens
589 425 697 475 capitulum
715 436 774 475 gene-

100 495 139 533 rale
150 495 266 532 convocavit
277 495 348 532 Paduae
359 495 379 532 in
391 495 442 533 ltalia
451 496 475 533 A.
486 494 509 533 D.
524 505 580 543 1532.
590 493 622 545 (1)

128 564 221 613 Sequenti
233 576 286 603 anno
300 564 341 603 scil.
362 564 442 602 Domini
465 564 550 615 15330b
572 564 700 602 enormitates
716 569 775 613 atque

100 634 215 671 detestanda
225 634 296 671 scelera
304 645 349 682 quae
358 633 432 671 fiebant
441 634 516 678 aciem,
530 645 570 671 non
582 634 625 671 sine
637 633 720 671 consilio
732 633 775 682 Spi-

100 701 149 740 ritus
158 702 222 741 Sancti
232 702 320 752 degressi
328 713 399 740 sumus
414 714 425 739 a
436 702 475 740 tide
486 702 581 740 Romanae
603 701 690 740 ecclesiae
706 702 730 740 ad
741 714 775 740 ve-

101 783 144 810 rum
155 776 173 809 et
184 772 285 810 sincerum
297 771 368 809 Christi
381 771 514 821 evangelium.
526 772 595 820 Fitque
613 772 669 821 juxta
691 771 774 809 verbum

98 841 134 879 Dei
144 840 290 884 illustrissimus
302 840 413 889 Anglorum
426 851 460 878 rex
469 841 563 879 Henricus
578 845 660 879 octavus
669 840 731 878 totius
740 851 775 878 an-

100 910 181 960 glicanae
192 910 278 948 eeclesiae
290 914 348 959 caput
360 910 393 959 qui
405 921 467 948 novas
476 910 521 948 fecit
533 909 668 961 ordinationes
680 909 699 947 in
714 909 772 948 clero.

127 991 159 1029 33.
173 979 271 1029 Georgius
283 979 375 1024 Drowne,
391 980 463 1027 anglus
475 980 560 1024 natione,
571 979 685 1028 theologus,
696 980 772 1024 doctor,

100 1055 120 1087 et
134 1048 258 1098 provincialis
275 1050 356 1087 fratrum
371 1048 568 1098 Augustiniensium‚
581 1049 644 1087 totius
656 1048 733 1098 Angliae
748 1048 773 1085 Α.

100 1119 123 1157 D.
141 1130 188 1169 1533
201 1118 315 1156 auctoritate
327 1117 453 1156 iilustrissimi
462 1118 574 1167 Anglorum
590 1118 641 1167 regis
652 1118 729 1156 Henrici
738 1117 775 1155 Vlll

100 1187 517 1237 abrogataomnisorensiumjurisdictione
541 1188 603 1226 lactus
626 1191 656 1226 est
677 1187 775 1236 generalis

101 1268 174 1306 praeses
187 1257 277 1295 omnium
289 1259 371 1294 fratrum
382 1257 537 1294 mendicantium
550 1261 569 1295 et
578 1256 722 1295 Cruciierorum
741 1268 775 1305 per

99 1326 202 1376 >Angliam‚
212 1327 303 1364 Walliam
311 1331 330 1364 et
342 1326 462 1369 Hibernium,
475 1326 572 1364 associato
584 1326 620 1364 sibi
628 1326 718 1373 Johanne
729 1326 774 1376 Hyl-

100 1407 146 1446 seye
155 1396 236 1433 doctore
248 1400 267 1433 et
276 1395 389 1444 provinciali
401 1396 484 1433 fratrum
497 1395 655 1436 Praedicatorum.
666 1396 778 1451 Paruman·¹

99 1471 129 1504 tea
137 1465 232 1514 abrogato
244 1465 334 1503 Romano
343 1465 435 1514 pontifice
444 1476 490 1503 cum
500 1470 594 1513 usurpata
606 1476 642 1503 sua
660 1464 775 1503 auctoritate

98 1535 160 1583 coepit
169 1545 203 1572 rex
214 1545 258 1572 esse
264 1535 319 1583 juxta
330 1534 364 1572 Dei
376 1535 458 1572 verbum
475 1534 561 1572 ecciesiae
580 1534 688 1583 anglicanae
708 1545 776 1583 supre—

101 1614 157 1641 mum
167 1604 204 1642 sub
213 1603 292 1642 Christo
301 1609 367 1653 caput.
380 1604 423 1641 Erat
435 1604 472 1642 iste
485 1603 582 1653 Georgius
594 1604 623 1642 vir
630 1603 707 1642 certein
716 1604 774 1642 rebus

100 1673 182 1723 agendis
194 1672 277 1710 idoneus
286 1678 305 1710 et
317 1684 384 1722 sagax,
397 1679 415 1711 et
427 1673 507 1711 duobus
514 1674 554 1710 fere
566 1673 622 1711 annis
645 1672 776 1721 perseveravit

100 1743 120 1780 in
133 1743 171 1780 hoc
179 1753 216 1780 suo
226 1741 298 1780 officio.
308 1743 441 1790 Demumque,
454 1743 496 1781 scil.
507 1743 532 1781 Α,
545 1743 569 1781 D.
588 1753 636 1793 1535
650 1743 731 1780 effectus
745 1747 775 1780 est

100 1810 259 1860 archiepiscopus
270 1810 398 1849 Duhlinensis
411 1811 430 1849 in
441 1811 532 1849 Hibernia
545 1816 564 1849 et
581 1811 681 1858 Johaaanes
698 1811 775 1861 llilseye

122 1959 143 1999 (i)
155 1956 208 1990 Rexit
217 1957 313 2001 plusquam
324 1957 398 2002 triginta
408 1965 449 1991 octo
459 1958 519 1998 annis,-
526 1968 591 2001 nempe
601 1968 658 2002 usque
666 1958 689 1991 ad
697 1966 774 1992 montem

100 2027 154 2060 quam
165 2029 175 2060 7
186 2015 281 2049 Decembri
292 2017 334 2050 1562
345 2016 396 2058 obiit,
406 2017 437 2050 sed
447 2027 488 2049 cum
504 2016 543 2060 ipse
560 2017 625 2050 Baleus
641 2027 720 2050 unacum
737 2017 775 2051 lere

100 2075 184 2108 omnibus
194 2075 404 2118 Catmelitisprovinciae
412 2075 483 2120 Angliae
491 2076 510 2108 in
529 2075 580 2119 peius·
593 2076 672 2109 schisma
690 2075 774 2109 inciderit

37 2129 39 2131 ¹
100 2133 174 2167 nonnisi
180 2135 241 2167 decem
248 2144 305 2166 annos
313 2135 385 2167 Audeto
391 2134 460 2169 tribuit.
469 2133 496 2167 Cf.
503 2134 612 2174 Bullatium,
621 2135 645 2170 ll.
654 2135 673 2168 55
681 2143 699 2168 et
707 2136 735 2169 58.
743 2135 774 2168 Se·

99 2201 176 2236 quentes
186 2192 259 2226 notitias
268 2193 290 2225 de
300 2193 378 2235 Georgia
389 2194 465 2227 Btowne
484 2192 538 2236 (circa
556 2203 610 2237 quem
626 2194 667 2227 vide
685 2194 773 2237 Gasquet,

99 2252 168 2295 Henry
184 2252 231 2285 VIII
243 2252 279 2284 aad
289 2252 316 2285 tite
333 2252 413 2297 English
429 2252 542 2292 monasteris,
553 2253 576 2294 ΙΙ,
594 2251 642 2295 aab]
657 2260 675 2285 er
690 2252 774 2286 Johanne

100 2309 159 2353 Byrde
169 2309 279 2343 omittendas
289 2320 329 2343 esse
337 2320 374 2342 non
383 2309 445 2353 putavi
454 2320 476 2342 ne
482 2317 566 2343 truncum
574 2317 656 2344 maneret
663 2311 773 2354 opusculum

99 2367 148 2401 Balei
158 2368 189 2412 qui
197 2369 318 2401 nonobstante
328 2368 394 2402 haeresi
404 2377 421 2402 et
429 2368 518 2413 apostasia
528 2370 550 2403 de
559 2380 579 2403 re
596 2369 682 2403 historica
698 2370 775 2404 Ordinis

99 2427 156 2461 nostri
166 2427 234 2471 optime
243 2427 318 2461 meritus
329 2436 362 2461 est.
