1616 2703
256 83 280 112 ou
296 82 361 113 xsnono
375 82 476 113 scaruumn
665 82 711 125 327ἶ

29 170 69 197 non
81 169 127 197 vero
137 158 237 208 praecessit
249 164 270 197 ut
279 170 303 197 ex
314 159 397 198 Sanvico
413 164 520 208 appareret.
533 159 594 197 Facile
604 170 651 208 ergo
662 159 705 197 fieri

28 228 100 278 potuit,
114 234 137 267 ut
154 228 212 266 etiam
227 228 252 266 de
264 228 340 267 visione
355 229 374 267 S.
391 229 479 267 Simonis
490 229 590 275 erraverit,
604 229 705 277 loquendo

29 298 157 337 solummodo
170 299 194 336 de
206 298 343 337 admonitione
357 299 378 336 B.
395 299 420 337 V.
433 303 456 337 ut
467 299 574 337 Summum
589 298 704 337 Pontificem

30 369 96 413 adiret,
110 379 151 406 non
162 379 209 406 vero
225 368 249 417 de
261 367 395 417 promissione
407 380 467 417 quarn
479 369 548 406 eadem
560 369 591 405 vel
604 369 640 406 alia
649 379 706 407 occa-

31 437 84 476 sione
95 437 188 476 fratribus
199 437 218 475 in
231 437 306 475 Ordine
318 437 491 487 perseverantibus
503 437 572 487 largita
587 448 632 476 esse
644 436 706 475 credi-

32 513 67 547 tur.
77 507 206 557 inspiciamus
218 519 265 556 ergo
275 508 345 545 seriem
358 512 475 546 eventuum,
486 508 508 545 Et
519 507 584 557 primo
594 508 705 546 notandum

31 583 77 617 tunc
88 577 182 627 temporis
195 582 284 616 centrum
294 577 401 626 gravitatis,
414 599 441 606 -
450 582 472 616 ut
484 577 509 615 ita
517 577 589 625 dicam,
601 599 626 605 -
636 576 656 615 in
664 577 706 616 An-

30 648 66 697 giia
78 646 139 686 situm
149 646 216 686 tuisse.

39 736 41 739 ·
55 718 72 755 A
88 717 152 766 primo
162 717 247 755 adventu
259 717 408 755 Carmelitarum
422 717 441 755 in
454 717 547 766 Angtiam
564 728 629 765 usque
641 717 665 754 ad
676 727 707 754 re-

31 788 81 836 gulae
87 786 255 836 approbationem
268 791 353 836 quatuor
362 790 441 825 tanturn
451 792 563 825 conventus
576 785 652 824 fundati
664 787 707 824 fue-

31 861 81 901 runt,
101 868 173 906 nempe
191 856 298 895 Hulnensis
312 861 331 894 et
342 856 510 907 Aytesfordiensis
528 857 552 894 de
570 855 643 905 quibus
657 855 706 894 infra

30 926 149 965 disserturus
156 938 208 971 sum,
220 927 290 965 tertius
297 926 316 964 in
324 927 368 964 ioco
374 926 467 964 Bradmer
473 926 492 964 in
500 927 565 964 littore
571 926 704 976 Nordvoigiae,

29 997 63 1046 qui
71 1001 138 1046 postea
148 997 171 1034 ad
180 997 246 1034 locum
254 997 438 1034 Burnham-Norton
446 997 552 1034 translatus
559 1000 617 1043 est‚et
624 1001 707 1045 quartus

29 1067 48 1105 in
61 1068 104 1105 loco
113 1066 228 1105 Newenden
238 1065 257 1104 in
270 1065 362 1115 parochia
373 1066 483 1105 Losenham
496 1066 516 1104 in
524 1065 589 1104 littore
600 1065 707 1104 comitatus

28 1136 112 1174 Kantiae.
126 1132 149 1174 Hi
158 1141 229 1174 omnes
240 1147 286 1174 cum
296 1140 349 1174 extra
361 1135 457 1181 civitates,
468 1136 487 1174 in
497 1136 546 1174 locis
555 1135 646 1174 solitariis
659 1135 708 1174 exti-

28 1207 94 1252 terint,
111 1207 165 1245 nulla
176 1206 200 1244 lis
223 1205 273 1244 inter
288 1206 403 1244 Carmelitas
415 1197 439 1244 'et
451 1207 548 1256 parochos
571 1205 616 1249 oriri
633 1205 706 1255 potuit,

29 1278 58 1315 vet
71 1276 87 1315 si
109 1288 154 1325 quae
169 1280 211 1314 orta
226 1280 278 1315 esset
293 1287 327 1325 per
338 1276 412 1314 bullam
425 1287 450 1325 27
459 1276 503 1325 Juiii
519 1287 568 1325 1247
583 1276 647 1326 sopita
662 1275 706 1315 tuit.

55 1346 128 1385 Eodem
138 1358 191 1385 anno
206 1356 255 1394 1247
269 1348 337 1395 regula
349 1357 389 1384 non
399 1347 465 1385 sotum
475 1347 582 1395 approbata
589 1346 623 1384 sed
633 1346 653 1384 in
664 1346 708 1395 plu-

29 1416 83 1455 ribus
95 1417 153 1454 etiarn
165 1421 250 1454 correcta
262 1416 306 1461 fuit,
319 1416 370 1454 inter
382 1416 418 1454 alia
432 1428 467 1465 per
481 1416 611 1455 insertionem
629 1415 707 1465 capituli

30 1487 53 1524 de
65 1486 176 1536 receptione
190 1487 279 1525 locorum
294 1483 332 1537 (1).
352 1486 433 1535 insuper
445 1486 524 1524 monuit
544 1485 634 1535 pontifex
651 1485 708 1524 Chri-

30 1556 122 1595 stifrdeies
131 1561 154 1595 ut
162 1557 232 1594 fratres
241 1556 326 1605 benigne
339 1556 447 1605 reciperent
466 1555 535 1605 eisque
552 1556 576 1594 de
588 1554 707 1605 opportunis

30 1627 79 1665 iocis
88 1627 221 1676 providerent.
232 1626 263 1677 (2)

57 1697 180 1747 «Deinceps,
193 1698 220 1735 ait
228 1696 321 1748 Horneby
332 1698 370 1746 (3),
381 1697 448 1741 urbes,
459 1696 554 1741 civitates,
567 1696 624 1735 viltas
641 1701 661 1733 et
673 1707 708 1745 op-

30 1767 104 1817 pidula,
117 1767 169 1806 sicut
183 1771 202 1805 et
213 1771 270 1805 antea
286 1767 305 1805 in
319 1768 390 1806 horum
406 1767 517 1806 secessibus
533 1777 556 1804 ac
567 1771 620 1805 extra
638 1765 707 1816 populi

30 1837 160 1886 frequentiam
168 1834 279 1889 [coeperunt
288 1834 406 1890 Carmeiitae]
419 1848 489 1887 agere;
499 1841 547 1876 tunc
558 1835 649 1881 Londini‚
659 1841 708 1875 tunc

31 1907 166 1956 Cantabrigiae,
183 1912 232 1945 tunc
244 1906 331 1952 Eboraci,
346 1907 437 1952 Oxoniae,
453 1907 555 1950 Bristollis,
571 1905 670 1950 Nordvici,
689 1910 709 1963 et

30 1976 51 2014 in
61 1976 160 2025 plerisque
170 1976 213 2015 aliis
225 1976 305 2026 Angliae
314 1976 426 2015 civitatibus
438 1987 515 2026 crepere
527 1978 596 2015 loca».
613 1975 709 2015 fundatio

31 2045 161 2087 Londinensis
173 2052 227 2085 extra
237 2045 334 2084 civitatem
342 2057 413 2085 versus
422 2046 624 2085 Westmonasterium
634 2046 709 2086 incerto

32 2115 112 2164 quidem
125 2127 177 2154 anno
195 2116 229 2154 sed
247 2120 292 2154 ante
312 2126 362 2166 1254
374 2117 423 2154 facta
440 2116 490 2164 fuit,
506 2115 676 2165 Cantabrigiensis
688 2115 708 2153 in

55 2272 76 2315 (ι)
87 2273 145 2317 Supra
155 2274 175 2307 P.
189 2274 215 2307 13.

55 2332 77 2376 [a]
88 2332 156 2366 Bullar.
165 2333 177 2373 l,
191 2333 231 2366 522.

56 2390 77 2434 (3)
86 2391 124 2424 MS.
136 2391 205 2435 Hariey
212 2392 264 2434 3838,
272 2391 303 2425 tot.
314 2392 342 2425 16.
