1631 2703
317 110 398 142 nuenton
412 111 456 141 XXlll
620 119 622 122 '
697 112 722 152 71

3 190 5 193 ’
49 188 126 233 obierit,
140 192 185 237 post
193 187 300 238 capitulum
311 187 428 237 provinciale
436 186 517 237 accipiat
525 186 621 237 sigillum,
630 188 684 237 quod
693 188 724 227 lu-

49 264 89 299 erat
98 257 168 308 prioris
176 258 272 307 generalis
284 257 378 302 defuncti,
392 262 411 295 et
427 268 493 295 coram
506 262 606 295 conventu
621 257 658 295 loci
676 269 724 296 con-

0 315 6 329 ⁵
49 328 114 368 cludat
125 326 172 365 illud
182 338 226 364 cum
240 326 304 376 sigillo
319 331 430 365 conventus
442 331 462 364 et
473 325 555 365 fideliter
566 326 682 365 custodiens
691 327 725 366 de-

49 400 96 436 lerat
107 397 154 435 illud
168 397 192 434 ad
204 396 312 445 capitulum
325 397 416 446 generale
426 396 517 445 proximo
530 395 676 441 celebrandum,
688 396 724 435 du-

0 457 4 466 ’
48 478 94 506 cens
106 477 174 504 secum
184 466 249 504 socios
259 465 329 515 prioris
338 465 434 515 generalis
444 466 485 515 jam
497 465 591 508 defuncti,
605 465 678 514 quibus
691 466 724 504 de-

0 542 3 589 [
48 539 80 575 bet
92 535 225 574 communitas
235 535 309 573 ordinis
318 535 337 573 in
347 535 438 584 expensis
447 535 557 585 providere.
571 546 601 584 15.
612 534 722 574 statuimus

0 589 3 597 Δ
48 610 113 645 autem
127 609 145 642 et
157 604 176 643 in
188 604 260 643 virtute
271 604 355 654 Spiritus
365 604 428 643 sancti
438 604 563 654 praecipimus
575 609 594 642 et
603 604 722 644 mandamus

0 675 4 689 ³
48 680 70 715 ut
86 674 208 722 ubicumque
226 673 279 723 prior
290 674 387 723 generalis
399 673 469 712 obierit
480 675 511 712 vel
525 678 642 723 assumptus
651 673 723 723 tuerit,

0 727 4 771 ξ
47 756 82 785 seu
91 744 115 782 ab
131 744 196 783 officio
213 749 300 789 amotus,
316 755 394 793 semper
406 744 426 782 in
437 743 522 793 capitulo
534 743 620 793 generali
632 744 723 793 proximo

47 813 126 853 alterius
141 813 209 852 electio
225 814 333 852 celebretur
350 818 456 863 antequam
475 813 550 862 aliquid
567 813 591 851 de
607 813 724 851 diffinitione

46 885 79 923 fiat
88 884 145 934 juxta
160 884 244 922 formam
255 883 274 922 in
293 883 377 923 Rubrica
390 884 414 921 de
422 882 552 922 electionibus
564 883 682 922 ordinatam.

75 952 104 992 16.
119 954 166 992 item
178 953 284 1004 statuimus
299 953 354 1003 quod
374 953 490 991 confirmato
511 953 575 1002 priore
586 953 673 1002 generali
685 952 720 990 ab·

47 1028 108 1070 sente,
122 1022 195 1061 ibidem
207 1022 284 1061 noviter
301 1024 369 1068 electo,
382 1023 424 1061 sive
442 1022 497 1072 prius
512 1022 682 1073 existente-unus
695 1022 719 1060 de

0 1130 1 1145 3
46 1092 193 1140 diffinitoribus,
204 1092 315 1141 antiquiore
327 1091 440 1141 provinciali
453 1091 565 1130 secundum
577 1092 667 1130 ordinem
676 1103 722 1142 pro-

0 1147 1 1160 Ξ
46 1162 153 1200 vinclorum
169 1162 294 1211 praesidente,
307 1174 317 1200 a
328 1167 371 1200 toto
388 1162 474 1211 generali
489 1160 574 1210 capitulo
592 1161 682 1211 eligatur,
697 1161 723 1200 ita

46 1232 99 1280 quod
112 1231 144 1280 qui
158 1232 224 1280 plures
240 1242 298 1269 voces
310 1230 401 1270 habuerit
413 1231 438 1269 sit
456 1230 539 1269 vicarius
552 1235 572 1268 et
582 1230 619 1269 toti
636 1231 722 1280 capitulo

46 1301 136 1349 deinceps
148 1301 251 1350 praesideat
262 1302 324 1339 donec
335 1300 392 1339 luerit
401 1300 537 1345 terminatum,
551 1305 571 1338 et
581 1300 625 1339 talis
638 1300 722 1339 vicarius

45 1375 134 1420 tempore
147 1382 187 1418 quo
199 1370 303 1419 praesideat
314 1371 399 1419 capitulo
409 1370 495 1420 generali
504 1374 571 1408 utatur
578 1370 644 1420 sigillo
654 1370 719 1409 vicarii

45 1440 123 1488 capituli
135 1441 238 1488 generalis,
249 1440 304 1488 quod
316 1440 397 1489 quidem
407 1440 494 1489 sigillum
504 1451 543 1478 una
560 1451 605 1478 cum
618 1441 720 1479 communi

46 1509 109 1558 sigillo
121 1509 199 1559 capituli
217 1509 313 1559 generalis
325 1510 369 1559 ipso
387 1510 472 1559 capitulo
493 1510 590 1548 celebrato
601 1509 719 1549 includatur.

49 1590 78 1628 17.
89 1580 142 1617 Prior
153 1580 251 1629 generalis
260 1579 325 1618 socios
337 1580 407 1618 habeat
416 1584 552 1629 competentes
562 1591 572 1617 a
581 1580 721 1619 diffinitoribus

46 1649 124 1698 capituli
136 1650 233 1699 generalis
245 1650 364 1698 assignatos,
378 1651 464 1697 quorum
477 1650 493 1687 si
505 1650 588 1687 alterum
601 1651 632 1692 vel
644 1654 721 1688 utrum-

47 1729 86 1767 que
98 1719 179 1756 defrcere
191 1719 303 1767 contigerit,
317 1718 358 1757 sive
371 1719 428 1763 mori,
442 1718 494 1768 prior
506 1719 603 1768 generalis
618 1719 678 1757 alium
691 1720 721 1757 vel

45 1788 92 1826 alios
104 1788 198 1826 idoneum
209 1789 238 1826 vel
247 1789 336 1834 idoneos,
350 1788 459 1826 secundum
469 1788 524 1836 quod
531 1788 568 1827 sibi
577 1788 677 1827 videbitur
688 1801 722 1827 ex-

46 1857 111 1905 pedire
129 1869 192 1906 usque
210 1858 234 1896 ad
253 1848 366 1907 proximum
389 1858 479 1907 generale
498 1858 606 1906 capitulum
623 1864 719 1898 assumat.

49 1928 77 1964 18.
93 1928 115 1965 Et
127 1928 184 1965 debet
195 1927 336 1965 tantummodo
349 1926 478 1975 deprioribus
488 1927 641 1976 provincialibus
649 1929 681 1965 vel
689 1939 722 1966 eo-

46 2006 89 2034 rum
102 1995 177 2035 vicariis
187 2007 232 2034 cum
245 1996 286 2034 suis
299 1995 364 2040 sociis,
378 1999 397 2033 et
406 1995 469 2045 priore
481 1996 568 2046 generali
586 2007 632 2034 cum
642 1996 721 2036 duobus

45 2066 110 2110 sociis,
119 2067 150 2104 vel
162 2066 282 2116 ejusvicario
294 2077 329 2104 seu
341 2065 441 2104 visitatore
452 2077 498 2104 cum
509 2066 566 2105 unico
574 2066 634 2112 socio,
648 2071 667 2106 et
676 2078 722 2117 pro·

45 2141 133 2173 curatore
142 2136 227 2185 generali
242 2135 336 2173 Romanae
348 2134 406 2173 curiae
421 2134 437 2173 si
449 2146 537 2185 praesens
546 2136 610 2181 tuerit,
630 2137 721 2186 generale

45 2205 153 2253 capitulum
165 2204 264 2244 celebrari.

74 2284 103 2324 19.
114 2275 185 2313 Nullus
194 2274 254 2312 intret
262 2273 371 2323 capitulum
381 2275 472 2323 generale
482 2274 519 2313 nisi
528 2275 582 2325 prius
591 2276 721 2325 compleverit

45 2346 85 2380 tres
96 2354 159 2381 annos
169 2342 189 2381 in
202 2348 269 2382 nostra
281 2342 383 2393 religione,
397 2354 450 2382 anno
462 2344 584 2393 probationis
596 2349 718 2396 computato,

48 2423 83 2452 nec
93 2412 151 2453 etiam
161 2413 231 2466 aliquis
240 2413 300 2456 laicus
314 2425 349 2456 seu
358 2425 407 2455 voce
419 2425 494 2456 carensv
