<?xml version="1.0" encoding="UTF-8"?>
<!DOCTYPE html PUBLIC "-//W3C//DTD XHTML 1.0 Transitional//EN"
    "http://www.w3.org/TR/xhtml1/DTD/xhtml1-transitional.dtd">
<html xmlns="http://www.w3.org/1999/xhtml" xml:lang="en" lang="en">
 <head>
  <title>
</title>
<meta http-equiv="Content-Type" content="text/html;charset=utf-8" />
  <meta name='ocr-system' content='tesseract 3.04.00' />
  <meta name='ocr-capabilities' content='ocr_page ocr_carea ocr_par ocr_line ocrx_word'/>
</head>
<body>
  <div class='ocr_page' id='page_1' title='image "MN5087ucmf_2_0203.png"; bbox 0 0 1631 2703; ppageno 0'>
   <div class='ocr_carea' id='block_1_1' title="bbox 283 103 715 156">
    <p class='ocr_par' dir='ltr' id='par_1_1' title="bbox 283 103 715 156">
     <span class='ocr_line' id='line_1_1' title="bbox 283 103 715 156; baseline 0.005 -14"><span class='ocrx_word' id='word_1_1' title='bbox 283 113 350 144; x_wconf 74' lang='lat' dir='ltr'>crura.</span> <span class='ocrx_word' id='word_1_2' title='bbox 361 119 379 143; x_wconf 72' lang='lat' dir='ltr'>a.</span> <span class='ocrx_word' id='word_1_3' title='bbox 390 116 408 143; x_wconf 89' lang='lat' dir='ltr'>o.</span> <span class='ocrx_word' id='word_1_4' title='bbox 425 103 480 156; x_wconf 68' lang='lat'>1362.</span> <span class='ocrx_word' id='word_1_5' title='bbox 680 108 715 153; x_wconf 84' lang='lat'>187</span> 
     </span>
    </p>
   </div>
   <div class='ocr_carea' id='block_1_2' title="bbox 10 186 720 2229">
    <p class='ocr_par' dir='ltr' id='par_1_2' title="bbox 49 186 413 233">
     <span class='ocr_line' id='line_1_2' title="bbox 49 186 413 233; baseline 0.011 -9"><span class='ocrx_word' id='word_1_6' title='bbox 49 186 106 225; x_wconf 85' lang='lat' dir='ltr'>fuerit</span> <span class='ocrx_word' id='word_1_7' title='bbox 117 189 196 233; x_wconf 85' lang='lat' dir='ltr'>lactum,</span> <span class='ocrx_word' id='word_1_8' title='bbox 210 190 306 227; x_wconf 89' lang='lat' dir='ltr'>ordinatio</span> <span class='ocrx_word' id='word_1_9' title='bbox 319 191 343 228; x_wconf 91' lang='lat' dir='ltr'>sit</span> <span class='ocrx_word' id='word_1_10' title='bbox 354 191 413 229; x_wconf 88' lang='lat' dir='ltr'>nulla.</span> 
     </span>
    </p>

    <p class='ocr_par' dir='ltr' id='par_1_3' title="bbox 49 257 717 642">
     <span class='ocr_line' id='line_1_3' title="bbox 75 257 716 310; baseline 0.005 -16"><span class='ocrx_word' id='word_1_11' title='bbox 75 257 121 294; x_wconf 86' lang='lat' dir='ltr'>ltem</span> <span class='ocrx_word' id='word_1_12' title='bbox 130 259 241 301; x_wconf 79' lang='lat' dir='ltr'>statuimus,</span> <span class='ocrx_word' id='word_1_13' title='bbox 256 260 308 307; x_wconf 88' lang='lat' dir='ltr'>quod</span> <span class='ocrx_word' id='word_1_14' title='bbox 321 260 401 298; x_wconf 81' lang='lat' dir='ltr'>vicarius</span> <span class='ocrx_word' id='word_1_15' title='bbox 414 261 487 299; x_wconf 88' lang='lat' dir='ltr'>electus</span> <span class='ocrx_word' id='word_1_16' title='bbox 497 272 532 310; x_wconf 92' lang='lat' dir='ltr'>pro</span> <span class='ocrx_word' id='word_1_17' title='bbox 542 261 630 298; x_wconf 82' lang='lat' dir='ltr'>custodia</span> <span class='ocrx_word' id='word_1_18' title='bbox 640 260 716 309; x_wconf 91' lang='lat' dir='ltr'>provin-</span> 
     </span>
     <span class='ocr_line' id='line_1_4' title="bbox 49 326 716 377; baseline 0.006 -15"><span class='ocrx_word' id='word_1_19' title='bbox 49 326 84 363; x_wconf 83' lang='lat' dir='ltr'>ciae</span> <span class='ocrx_word' id='word_1_20' title='bbox 95 338 134 364; x_wconf 88' lang='lat' dir='ltr'>non</span> <span class='ocrx_word' id='word_1_21' title='bbox 147 327 211 365; x_wconf 75' lang='lat' dir='ltr'>visitet</span> <span class='ocrx_word' id='word_1_22' title='bbox 222 328 306 376; x_wconf 87' lang='lat' dir='ltr'>aliquem</span> <span class='ocrx_word' id='word_1_23' title='bbox 320 334 439 366; x_wconf 90' lang='lat' dir='ltr'>conventum</span> <span class='ocrx_word' id='word_1_24' title='bbox 457 330 568 377; x_wconf 67' lang='lat' dir='ltr'>provinciae,</span> <span class='ocrx_word' id='word_1_25' title='bbox 587 329 622 366; x_wconf 91' lang='lat' dir='ltr'>nisi</span> <span class='ocrx_word' id='word_1_26' title='bbox 635 334 716 366; x_wconf 88' lang='lat' dir='ltr'>vocatus</span> 
     </span>
     <span class='ocr_line' id='line_1_5' title="bbox 50 396 717 445; baseline 0.003 -12"><span class='ocrx_word' id='word_1_27' title='bbox 50 407 83 444; x_wconf 90' lang='lat' dir='ltr'>per</span> <span class='ocrx_word' id='word_1_28' title='bbox 94 397 178 444; x_wconf 86' lang='lat' dir='ltr'>priorem</span> <span class='ocrx_word' id='word_1_29' title='bbox 191 402 210 434; x_wconf 88' lang='lat' dir='ltr'>et</span> <span class='ocrx_word' id='word_1_30' title='bbox 224 398 314 435; x_wconf 74' lang='lat' dir='ltr'>meliores</span> <span class='ocrx_word' id='word_1_31' title='bbox 326 404 443 435; x_wconf 86' lang='lat' dir='ltr'>conventus.</span> <span class='ocrx_word' id='word_1_32' title='bbox 463 399 509 435; x_wconf 93' lang='lat' dir='ltr'>ltem</span> <span class='ocrx_word' id='word_1_33' title='bbox 524 398 574 445; x_wconf 77' lang='lat' dir='ltr'>(Fol.</span> <span class='ocrx_word' id='word_1_34' title='bbox 588 396 633 444; x_wconf 75' lang='lat' dir='ltr'>boa)</span> <span class='ocrx_word' id='word_1_35' title='bbox 651 398 717 435; x_wconf 88' lang='lat' dir='ltr'>statui-</span> 
     </span>
     <span class='ocr_line' id='line_1_6' title="bbox 51 466 716 515; baseline 0 -13"><span class='ocrx_word' id='word_1_36' title='bbox 51 476 103 509; x_wconf 85' lang='lat' dir='ltr'>mus,</span> <span class='ocrx_word' id='word_1_37' title='bbox 114 467 167 514; x_wconf 92' lang='lat' dir='ltr'>quod</span> <span class='ocrx_word' id='word_1_38' title='bbox 179 466 260 503; x_wconf 86' lang='lat' dir='ltr'>vicarius</span> <span class='ocrx_word' id='word_1_39' title='bbox 275 467 369 515; x_wconf 81' lang='lat' dir='ltr'>generalis</span> <span class='ocrx_word' id='word_1_40' title='bbox 381 467 428 503; x_wconf 85' lang='lat' dir='ltr'>nihii</span> <span class='ocrx_word' id='word_1_41' title='bbox 437 467 529 504; x_wconf 77' lang='lat' dir='ltr'>immittet</span> <span class='ocrx_word' id='word_1_42' title='bbox 541 467 564 503; x_wconf 90' lang='lat' dir='ltr'>de</span> <span class='ocrx_word' id='word_1_43' title='bbox 576 471 628 503; x_wconf 85' lang='lat' dir='ltr'>statu</span> <span class='ocrx_word' id='word_1_44' title='bbox 643 466 716 503; x_wconf 79' lang='lat' dir='ltr'>ordinis</span> 
     </span>
     <span class='ocr_line' id='line_1_7' title="bbox 51 534 715 579; baseline 0.003 -10"><span class='ocrx_word' id='word_1_45' title='bbox 51 545 72 570; x_wconf 90' lang='lat' dir='ltr'>ac</span> <span class='ocrx_word' id='word_1_46' title='bbox 81 534 104 571; x_wconf 93' lang='lat' dir='ltr'>de</span> <span class='ocrx_word' id='word_1_47' title='bbox 114 534 188 579; x_wconf 68' lang='lat' dir='ltr'>offisiis,</span> <span class='ocrx_word' id='word_1_48' title='bbox 200 535 236 572; x_wconf 89' lang='lat' dir='ltr'>nisi</span> <span class='ocrx_word' id='word_1_49' title='bbox 249 547 272 572; x_wconf 85' lang='lat' dir='ltr'>ex</span> <span class='ocrx_word' id='word_1_50' title='bbox 282 536 366 573; x_wconf 83' lang='lat' dir='ltr'>inaxima</span> <span class='ocrx_word' id='word_1_51' title='bbox 376 541 394 572; x_wconf 92' lang='lat' dir='ltr'>et</span> <span class='ocrx_word' id='word_1_52' title='bbox 405 535 490 572; x_wconf 83' lang='lat' dir='ltr'>evidenti</span> <span class='ocrx_word' id='word_1_53' title='bbox 501 534 614 572; x_wconf 81' lang='lat' dir='ltr'>necessitate</span> <span class='ocrx_word' id='word_1_54' title='bbox 625 540 644 571; x_wconf 93' lang='lat' dir='ltr'>et</span> <span class='ocrx_word' id='word_1_55' title='bbox 653 534 715 572; x_wconf 89' lang='lat' dir='ltr'>consi·</span> 
     </span>
     <span class='ocr_line' id='line_1_8' title="bbox 51 603 435 642; baseline 0 -2"><span class='ocrx_word' id='word_1_56' title='bbox 51 603 76 641; x_wconf 91' lang='lat' dir='ltr'>lio</span> <span class='ocrx_word' id='word_1_57' title='bbox 90 604 193 642; x_wconf 88' lang='lat' dir='ltr'>meliorum</span> <span class='ocrx_word' id='word_1_58' title='bbox 203 608 222 641; x_wconf 92' lang='lat' dir='ltr'>et</span> <span class='ocrx_word' id='word_1_59' title='bbox 235 604 334 641; x_wconf 90' lang='lat' dir='ltr'>seniorum</span> <span class='ocrx_word' id='word_1_60' title='bbox 347 605 435 641; x_wconf 77' lang='lat' dir='ltr'>fratrum.</span> 
     </span>
    </p>

    <p class='ocr_par' dir='ltr' id='par_1_4' title="bbox 51 671 717 926">
     <span class='ocr_line' id='line_1_9' title="bbox 77 671 716 719; baseline -0.003 -10"><span class='ocrx_word' id='word_1_61' title='bbox 77 671 124 709; x_wconf 88' lang='lat' dir='ltr'>ltem</span> <span class='ocrx_word' id='word_1_62' title='bbox 136 673 219 710; x_wconf 82' lang='lat' dir='ltr'>Rubrica</span> <span class='ocrx_word' id='word_1_63' title='bbox 230 672 263 710; x_wconf 87' lang='lat' dir='ltr'>XX</span> <span class='ocrx_word' id='word_1_64' title='bbox 273 673 296 709; x_wconf 85' lang='lat' dir='ltr'>de</span> <span class='ocrx_word' id='word_1_65' title='bbox 305 673 433 709; x_wconf 82' lang='lat' dir='ltr'>electionibus</span> <span class='ocrx_word' id='word_1_66' title='bbox 451 673 564 713; x_wconf 77' lang='lat' dir='ltr'>statuimus,</span> <span class='ocrx_word' id='word_1_67' title='bbox 579 672 631 719; x_wconf 90' lang='lat' dir='ltr'>quod</span> <span class='ocrx_word' id='word_1_68' title='bbox 650 672 716 708; x_wconf 92' lang='lat' dir='ltr'>nullus</span> 
     </span>
     <span class='ocr_line' id='line_1_10' title="bbox 51 740 717 790; baseline -0.002 -13"><span class='ocrx_word' id='word_1_69' title='bbox 51 741 114 784; x_wconf 84' lang='lat' dir='ltr'>irater,</span> <span class='ocrx_word' id='word_1_70' title='bbox 131 741 163 789; x_wconf 91' lang='lat' dir='ltr'>qui</span> <span class='ocrx_word' id='word_1_71' title='bbox 181 741 259 790; x_wconf 82' lang='lat' dir='ltr'>eligitur</span> <span class='ocrx_word' id='word_1_72' title='bbox 272 741 337 779; x_wconf 89' lang='lat' dir='ltr'>socius</span> <span class='ocrx_word' id='word_1_73' title='bbox 353 741 421 789; x_wconf 88' lang='lat' dir='ltr'>prioris</span> <span class='ocrx_word' id='word_1_74' title='bbox 433 741 498 778; x_wconf 89' lang='lat' dir='ltr'>localis</span> <span class='ocrx_word' id='word_1_75' title='bbox 511 740 554 777; x_wconf 89' lang='lat' dir='ltr'>ituri</span> <span class='ocrx_word' id='word_1_76' title='bbox 570 740 594 777; x_wconf 88' lang='lat' dir='ltr'>ad</span> <span class='ocrx_word' id='word_1_77' title='bbox 610 740 717 787; x_wconf 91' lang='lat' dir='ltr'>capitulum</span> 
     </span>
     <span class='ocr_line' id='line_1_11' title="bbox 51 809 717 857; baseline -0.002 -11"><span class='ocrx_word' id='word_1_78' title='bbox 51 810 173 857; x_wconf 75' lang='lat' dir='ltr'>provinciale,</span> <span class='ocrx_word' id='word_1_79' title='bbox 187 810 256 847; x_wconf 86' lang='lat' dir='ltr'>habeat</span> <span class='ocrx_word' id='word_1_80' title='bbox 265 811 329 847; x_wconf 92' lang='lat' dir='ltr'>locum</span> <span class='ocrx_word' id='word_1_81' title='bbox 342 815 361 847; x_wconf 93' lang='lat' dir='ltr'>et</span> <span class='ocrx_word' id='word_1_82' title='bbox 372 822 440 847; x_wconf 89' lang='lat' dir='ltr'>vocem</span> <span class='ocrx_word' id='word_1_83' title='bbox 453 811 472 847; x_wconf 91' lang='lat' dir='ltr'>in</span> <span class='ocrx_word' id='word_1_84' title='bbox 485 809 578 847; x_wconf 84' lang='lat' dir='ltr'>electione</span> <span class='ocrx_word' id='word_1_85' title='bbox 588 809 717 846; x_wconf 81' lang='lat' dir='ltr'>diffinitorum</span> 
     </span>
     <span class='ocr_line' id='line_1_12' title="bbox 51 878 328 926; baseline 0.004 -12"><span class='ocrx_word' id='word_1_86' title='bbox 51 878 102 915; x_wconf 90' lang='lat' dir='ltr'>illius</span> <span class='ocrx_word' id='word_1_87' title='bbox 112 878 188 926; x_wconf 91' lang='lat' dir='ltr'>capituli</span> <span class='ocrx_word' id='word_1_88' title='bbox 199 878 328 926; x_wconf 88' lang='lat' dir='ltr'>provincialis.</span> 
     </span>
    </p>

    <p class='ocr_par' dir='ltr' id='par_1_5' title="bbox 51 935 717 1131">
     <span class='ocr_line' id='line_1_13' title="bbox 77 935 716 995; baseline 0 -13"><span class='ocrx_word' id='word_1_89' title='bbox 77 946 98 983; x_wconf 83' lang='lat' dir='ltr'>Et</span> <span class='ocrx_word' id='word_1_90' title='bbox 110 948 164 994; x_wconf 90' lang='lat' dir='ltr'>quod</span> <span class='ocrx_word' id='word_1_91' title='bbox 177 947 243 984; x_wconf 91' lang='lat' dir='ltr'>nullus</span> <span class='ocrx_word' id='word_1_92' title='bbox 255 935 307 994; x_wconf 80' lang='lat' dir='ltr'>prior</span> <span class='ocrx_word' id='word_1_93' title='bbox 322 946 444 994; x_wconf 85' lang='lat' dir='ltr'>provincialis</span> <span class='ocrx_word' id='word_1_94' title='bbox 460 947 522 995; x_wconf 82' lang='lat' dir='ltr'>possit</span> <span class='ocrx_word' id='word_1_95' title='bbox 540 946 638 994; x_wconf 84' lang='lat' dir='ltr'>resignare</span> <span class='ocrx_word' id='word_1_96' title='bbox 651 957 716 983; x_wconf 89' lang='lat' dir='ltr'>coram</span> 
     </span>
     <span class='ocr_line' id='line_1_14' title="bbox 51 1014 717 1063; baseline 0.002 -12"><span class='ocrx_word' id='word_1_97' title='bbox 51 1015 188 1053; x_wconf 83' lang='lat' dir='ltr'>diffinitoribus</span> <span class='ocrx_word' id='word_1_98' title='bbox 200 1015 278 1062; x_wconf 83' lang='lat' dir='ltr'>capituli</span> <span class='ocrx_word' id='word_1_99' title='bbox 292 1015 414 1063; x_wconf 89' lang='lat' dir='ltr'>provincialis</span> <span class='ocrx_word' id='word_1_100' title='bbox 427 1016 456 1052; x_wconf 91' lang='lat' dir='ltr'>vel</span> <span class='ocrx_word' id='word_1_101' title='bbox 469 1015 510 1052; x_wconf 89' lang='lat' dir='ltr'>aliis</span> <span class='ocrx_word' id='word_1_102' title='bbox 525 1014 674 1062; x_wconf 65' lang='lat' dir='ltr'>praesidentibus</span> <span class='ocrx_word' id='word_1_103' title='bbox 686 1026 717 1052; x_wconf 90' lang='lat' dir='ltr'>or-</span> 
     </span>
     <span class='ocr_line' id='line_1_15' title="bbox 52 1079 521 1131; baseline 0.002 -12"><span class='ocrx_word' id='word_1_104' title='bbox 52 1083 110 1128; x_wconf 82' lang='lat' dir='ltr'>dinis,</span> <span class='ocrx_word' id='word_1_105' title='bbox 124 1083 160 1121; x_wconf 82' lang='lat' dir='ltr'>nisi</span> <span class='ocrx_word' id='word_1_106' title='bbox 173 1082 236 1121; x_wconf 84' lang='lat' dir='ltr'>babila</span> <span class='ocrx_word' id='word_1_107' title='bbox 249 1083 324 1120; x_wconf 87' lang='lat' dir='ltr'>licentia</span> <span class='ocrx_word' id='word_1_108' title='bbox 336 1083 404 1130; x_wconf 91' lang='lat' dir='ltr'>prioris</span> <span class='ocrx_word' id='word_1_109' title='bbox 416 1079 521 1131; x_wconf 62' lang='lat' dir='ltr'>grener-atis.</span> 
     </span>
    </p>

    <p class='ocr_par' dir='ltr' id='par_1_6' title="bbox 51 1150 719 1678">
     <span class='ocr_line' id='line_1_16' title="bbox 77 1150 717 1200; baseline 0 -12"><span class='ocrx_word' id='word_1_110' title='bbox 77 1152 130 1195; x_wconf 85' lang='lat' dir='ltr'>ltem,</span> <span class='ocrx_word' id='word_1_111' title='bbox 144 1152 198 1199; x_wconf 89' lang='lat' dir='ltr'>quod</span> <span class='ocrx_word' id='word_1_112' title='bbox 208 1150 327 1199; x_wconf 80' lang='lat' dir='ltr'>quicumque</span> <span class='ocrx_word' id='word_1_113' title='bbox 340 1151 433 1200; x_wconf 80' lang='lat' dir='ltr'>magister</span> <span class='ocrx_word' id='word_1_114' title='bbox 443 1152 498 1188; x_wconf 87' lang='lat' dir='ltr'>luerit</span> <span class='ocrx_word' id='word_1_115' title='bbox 507 1151 627 1189; x_wconf 83' lang='lat' dir='ltr'>constitutus</span> <span class='ocrx_word' id='word_1_116' title='bbox 637 1151 688 1198; x_wconf 86' lang='lat' dir='ltr'>prior</span> <span class='ocrx_word' id='word_1_117' title='bbox 698 1151 717 1188; x_wconf 91' lang='lat' dir='ltr'>in</span> 
     </span>
     <span class='ocr_line' id='line_1_17' title="bbox 51 1219 718 1267; baseline 0.001 -11"><span class='ocrx_word' id='word_1_118' title='bbox 51 1219 117 1267; x_wconf 85' lang='lat' dir='ltr'>aliquo</span> <span class='ocrx_word' id='word_1_119' title='bbox 128 1225 234 1263; x_wconf 85' lang='lat' dir='ltr'>conventu,</span> <span class='ocrx_word' id='word_1_120' title='bbox 247 1224 335 1256; x_wconf 84' lang='lat' dir='ltr'>teneatur</span> <span class='ocrx_word' id='word_1_121' title='bbox 349 1221 411 1256; x_wconf 85' lang='lat' dir='ltr'>lacere</span> <span class='ocrx_word' id='word_1_122' title='bbox 429 1225 447 1257; x_wconf 91' lang='lat' dir='ltr'>et</span> <span class='ocrx_word' id='word_1_123' title='bbox 468 1221 570 1258; x_wconf 83' lang='lat' dir='ltr'>observare</span> <span class='ocrx_word' id='word_1_124' title='bbox 583 1219 656 1266; x_wconf 86' lang='lat' dir='ltr'>onmia,</span> <span class='ocrx_word' id='word_1_125' title='bbox 675 1231 718 1267; x_wconf 87' lang='lat' dir='ltr'>quae</span> 
     </span>
     <span class='ocr_line' id='line_1_18' title="bbox 51 1288 719 1336; baseline -0.001 -11"><span class='ocrx_word' id='word_1_126' title='bbox 51 1288 160 1325; x_wconf 85' lang='lat' dir='ltr'>secundum</span> <span class='ocrx_word' id='word_1_127' title='bbox 172 1288 333 1326; x_wconf 88' lang='lat' dir='ltr'>constitutionem</span> <span class='ocrx_word' id='word_1_128' title='bbox 346 1288 420 1325; x_wconf 77' lang='lat' dir='ltr'>ordinis</span> <span class='ocrx_word' id='word_1_129' title='bbox 431 1289 482 1336; x_wconf 93' lang='lat' dir='ltr'>prior</span> <span class='ocrx_word' id='word_1_130' title='bbox 494 1293 571 1326; x_wconf 90' lang='lat' dir='ltr'>tenetur</span> <span class='ocrx_word' id='word_1_131' title='bbox 588 1289 655 1334; x_wconf 76' lang='lat' dir='ltr'>lacere,</span> <span class='ocrx_word' id='word_1_132' title='bbox 672 1299 719 1335; x_wconf 80' lang='lat' dir='ltr'>prae-</span> 
     </span>
     <span class='ocr_line' id='line_1_19' title="bbox 51 1356 716 1405; baseline 0 -12"><span class='ocrx_word' id='word_1_133' title='bbox 51 1357 116 1394; x_wconf 91' lang='lat' dir='ltr'>sertim</span> <span class='ocrx_word' id='word_1_134' title='bbox 130 1360 148 1394; x_wconf 89' lang='lat' dir='ltr'>et</span> <span class='ocrx_word' id='word_1_135' title='bbox 159 1368 187 1403; x_wconf 82' lang='lat' dir='ltr'>ea,</span> <span class='ocrx_word' id='word_1_136' title='bbox 198 1367 243 1405; x_wconf 83' lang='lat' dir='ltr'>quae</span> <span class='ocrx_word' id='word_1_137' title='bbox 253 1356 349 1404; x_wconf 84' lang='lat' dir='ltr'>pertinent</span> <span class='ocrx_word' id='word_1_138' title='bbox 361 1357 384 1393; x_wconf 89' lang='lat' dir='ltr'>ad</span> <span class='ocrx_word' id='word_1_139' title='bbox 397 1358 496 1404; x_wconf 77' lang='lat' dir='ltr'>sequelam</span> <span class='ocrx_word' id='word_1_140' title='bbox 509 1356 561 1394; x_wconf 86' lang='lat' dir='ltr'>clrori</span> <span class='ocrx_word' id='word_1_141' title='bbox 572 1358 601 1394; x_wconf 91' lang='lat' dir='ltr'>vel</span> <span class='ocrx_word' id='word_1_142' title='bbox 614 1356 716 1398; x_wconf 72' lang='lat' dir='ltr'>relectorii,</span> 
     </span>
     <span class='ocr_line' id='line_1_20' title="bbox 51 1424 718 1474; baseline 0 -12"><span class='ocrx_word' id='word_1_143' title='bbox 51 1436 90 1462; x_wconf 93' lang='lat' dir='ltr'>uon</span> <span class='ocrx_word' id='word_1_144' title='bbox 103 1425 192 1462; x_wconf 85' lang='lat' dir='ltr'>obstante</span> <span class='ocrx_word' id='word_1_145' title='bbox 207 1424 364 1473; x_wconf 89' lang='lat' dir='ltr'>quibuscumque</span> <span class='ocrx_word' id='word_1_146' title='bbox 375 1425 442 1474; x_wconf 81' lang='lat' dir='ltr'>gratiis</span> <span class='ocrx_word' id='word_1_147' title='bbox 451 1431 483 1462; x_wconf 90' lang='lat' dir='ltr'>aut</span> <span class='ocrx_word' id='word_1_148' title='bbox 495 1425 600 1473; x_wconf 81' lang='lat' dir='ltr'>privilegiis</span> <span class='ocrx_word' id='word_1_149' title='bbox 615 1425 718 1473; x_wconf 81' lang='lat' dir='ltr'>magistro-</span> 
     </span>
     <span class='ocr_line' id='line_1_21' title="bbox 52 1493 719 1545; baseline 0 -16"><span class='ocrx_word' id='word_1_150' title='bbox 52 1505 94 1530; x_wconf 90' lang='lat' dir='ltr'>rum</span> <span class='ocrx_word' id='word_1_151' title='bbox 107 1493 204 1531; x_wconf 82' lang='lat' dir='ltr'>concessis</span> <span class='ocrx_word' id='word_1_152' title='bbox 217 1494 246 1529; x_wconf 89' lang='lat' dir='ltr'>vel</span> <span class='ocrx_word' id='word_1_153' title='bbox 267 1494 401 1531; x_wconf 82' lang='lat' dir='ltr'>concedendis.</span> <span class='ocrx_word' id='word_1_154' title='bbox 421 1494 480 1538; x_wconf 79' lang='lat' dir='ltr'>Qtod</span> <span class='ocrx_word' id='word_1_155' title='bbox 499 1494 514 1531; x_wconf 92' lang='lat' dir='ltr'>si</span> <span class='ocrx_word' id='word_1_156' title='bbox 533 1504 572 1530; x_wconf 91' lang='lat' dir='ltr'>uou</span> <span class='ocrx_word' id='word_1_157' title='bbox 592 1494 664 1538; x_wconf 77' lang='lat' dir='ltr'>iecerit,</span> <span class='ocrx_word' id='word_1_158' title='bbox 682 1504 719 1545; x_wconf 87' lang='lat' dir='ltr'>per</span> 
     </span>
     <span class='ocr_line' id='line_1_22' title="bbox 52 1561 718 1610; baseline -0.002 -12"><span class='ocrx_word' id='word_1_159' title='bbox 52 1561 135 1609; x_wconf 88' lang='lat' dir='ltr'>priorem</span> <span class='ocrx_word' id='word_1_160' title='bbox 154 1561 291 1609; x_wconf 89' lang='lat' dir='ltr'>provincialem</span> <span class='ocrx_word' id='word_1_161' title='bbox 307 1573 316 1598; x_wconf 91' lang='lat' dir='ltr'>a</span> <span class='ocrx_word' id='word_1_162' title='bbox 335 1562 376 1599; x_wconf 88' lang='lat' dir='ltr'>suis</span> <span class='ocrx_word' id='word_1_163' title='bbox 392 1562 461 1599; x_wconf 82' lang='lat' dir='ltr'>officiis</span> <span class='ocrx_word' id='word_1_164' title='bbox 476 1563 584 1610; x_wconf 87' lang='lat' dir='ltr'>deponatur</span> <span class='ocrx_word' id='word_1_165' title='bbox 603 1562 639 1599; x_wconf 91' lang='lat' dir='ltr'>sub</span> <span class='ocrx_word' id='word_1_166' title='bbox 659 1572 718 1610; x_wconf 79' lang='lat' dir='ltr'>poena</span> 
     </span>
     <span class='ocr_line' id='line_1_23' title="bbox 51 1630 394 1678; baseline 0 -11"><span class='ocrx_word' id='word_1_167' title='bbox 51 1630 177 1678; x_wconf 87' lang='lat' dir='ltr'>depositionis</span> <span class='ocrx_word' id='word_1_168' title='bbox 190 1630 251 1678; x_wconf 90' lang='lat' dir='ltr'>ipsius</span> <span class='ocrx_word' id='word_1_169' title='bbox 264 1630 394 1677; x_wconf 86' lang='lat' dir='ltr'>provincialis.</span> 
     </span>
    </p>

    <p class='ocr_par' dir='ltr' id='par_1_7' title="bbox 50 1698 720 1954">
     <span class='ocr_line' id='line_1_24' title="bbox 78 1698 720 1747; baseline 0 -13"><span class='ocrx_word' id='word_1_170' title='bbox 78 1699 124 1735; x_wconf 87' lang='lat' dir='ltr'>item</span> <span class='ocrx_word' id='word_1_171' title='bbox 137 1699 156 1735; x_wconf 90' lang='lat' dir='ltr'>in</span> <span class='ocrx_word' id='word_1_172' title='bbox 166 1698 248 1736; x_wconf 81' lang='lat' dir='ltr'>Rubrica</span> <span class='ocrx_word' id='word_1_173' title='bbox 263 1698 287 1734; x_wconf 89' lang='lat' dir='ltr'>de</span> <span class='ocrx_word' id='word_1_174' title='bbox 299 1698 367 1746; x_wconf 82' lang='lat' dir='ltr'>sigillis</span> <span class='ocrx_word' id='word_1_175' title='bbox 379 1698 501 1742; x_wconf 74' lang='lat' dir='ltr'>ordinamus,</span> <span class='ocrx_word' id='word_1_176' title='bbox 515 1699 569 1747; x_wconf 89' lang='lat' dir='ltr'>quod</span> <span class='ocrx_word' id='word_1_177' title='bbox 579 1698 661 1745; x_wconf 90' lang='lat' dir='ltr'>quilibet</span> <span class='ocrx_word' id='word_1_178' title='bbox 673 1710 720 1735; x_wconf 91' lang='lat' dir='ltr'>con-</span> 
     </span>
     <span class='ocr_line' id='line_1_25' title="bbox 51 1766 719 1816; baseline -0.003 -12"><span class='ocrx_word' id='word_1_179' title='bbox 51 1773 123 1804; x_wconf 84' lang='lat' dir='ltr'>ventus</span> <span class='ocrx_word' id='word_1_180' title='bbox 135 1767 204 1804; x_wconf 86' lang='lat' dir='ltr'>babeat</span> <span class='ocrx_word' id='word_1_181' title='bbox 213 1766 299 1815; x_wconf 80' lang='lat' dir='ltr'>sigillum</span> <span class='ocrx_word' id='word_1_182' title='bbox 310 1767 419 1809; x_wconf 81' lang='lat' dir='ltr'>vicariatus,</span> <span class='ocrx_word' id='word_1_183' title='bbox 433 1779 472 1815; x_wconf 87' lang='lat' dir='ltr'>quo</span> <span class='ocrx_word' id='word_1_184' title='bbox 483 1767 589 1816; x_wconf 67' lang='lat' dir='ltr'>praesidens</span> <span class='ocrx_word' id='word_1_185' title='bbox 605 1767 623 1803; x_wconf 93' lang='lat' dir='ltr'>in</span> <span class='ocrx_word' id='word_1_186' title='bbox 634 1778 719 1804; x_wconf 87' lang='lat' dir='ltr'>couven-</span> 
     </span>
     <span class='ocr_line' id='line_1_26' title="bbox 50 1835 719 1883; baseline -0.001 -11"><span class='ocrx_word' id='word_1_187' title='bbox 50 1841 72 1873; x_wconf 88' lang='lat' dir='ltr'>tu</span> <span class='ocrx_word' id='word_1_188' title='bbox 84 1836 103 1872; x_wconf 94' lang='lat' dir='ltr'>in</span> <span class='ocrx_word' id='word_1_189' title='bbox 113 1836 199 1873; x_wconf 88' lang='lat' dir='ltr'>absentia</span> <span class='ocrx_word' id='word_1_190' title='bbox 212 1835 280 1882; x_wconf 90' lang='lat' dir='ltr'>prioris</span> <span class='ocrx_word' id='word_1_191' title='bbox 292 1835 364 1883; x_wconf 79' lang='lat' dir='ltr'>sigillet</span> <span class='ocrx_word' id='word_1_192' title='bbox 382 1836 460 1879; x_wconf 89' lang='lat' dir='ltr'>litteras,</span> <span class='ocrx_word' id='word_1_193' title='bbox 473 1848 516 1883; x_wconf 82' lang='lat' dir='ltr'>quae</span> <span class='ocrx_word' id='word_1_194' title='bbox 528 1836 574 1872; x_wconf 86' lang='lat' dir='ltr'>alias</span> <span class='ocrx_word' id='word_1_195' title='bbox 590 1840 657 1873; x_wconf 89' lang='lat' dir='ltr'>essent</span> <span class='ocrx_word' id='word_1_196' title='bbox 669 1835 719 1883; x_wconf 82' lang='lat' dir='ltr'>sigil-</span> 
     </span>
     <span class='ocr_line' id='line_1_27' title="bbox 51 1904 276 1954; baseline -0.004 -12"><span class='ocrx_word' id='word_1_197' title='bbox 51 1906 114 1942; x_wconf 85' lang='lat' dir='ltr'>landae</span> <span class='ocrx_word' id='word_1_198' title='bbox 123 1905 187 1954; x_wconf 82' lang='lat' dir='ltr'>sigillo</span> <span class='ocrx_word' id='word_1_199' title='bbox 200 1904 276 1953; x_wconf 90' lang='lat' dir='ltr'>prioris.</span> 
     </span>
    </p>

    <p class='ocr_par' dir='ltr' id='par_1_8' title="bbox 10 1973 719 2229">
     <span class='ocr_line' id='line_1_28' title="bbox 78 1973 718 2022; baseline 0 -12"><span class='ocrx_word' id='word_1_200' title='bbox 78 1975 100 2011; x_wconf 84' lang='lat' dir='ltr'>Et</span> <span class='ocrx_word' id='word_1_201' title='bbox 112 1974 131 2010; x_wconf 91' lang='lat' dir='ltr'>in</span> <span class='ocrx_word' id='word_1_202' title='bbox 144 1974 226 2011; x_wconf 81' lang='lat' dir='ltr'>Robrica</span> <span class='ocrx_word' id='word_1_203' title='bbox 236 1973 259 2009; x_wconf 91' lang='lat' dir='ltr'>de</span> <span class='ocrx_word' id='word_1_204' title='bbox 268 1973 362 2021; x_wconf 87' lang='lat' dir='ltr'>apostatis</span> <span class='ocrx_word' id='word_1_205' title='bbox 371 1975 499 2017; x_wconf 77' lang='lat' dir='ltr'>decimamus,</span> <span class='ocrx_word' id='word_1_206' title='bbox 514 1974 566 2022; x_wconf 90' lang='lat' dir='ltr'>quod</span> <span class='ocrx_word' id='word_1_207' title='bbox 576 1985 615 2010; x_wconf 89' lang='lat' dir='ltr'>non</span> <span class='ocrx_word' id='word_1_208' title='bbox 628 1974 718 2011; x_wconf 88' lang='lat' dir='ltr'>obstante</span> 
     </span>
     <span class='ocr_line' id='line_1_29' title="bbox 51 2043 719 2091; baseline -0.003 -11"><span class='ocrx_word' id='word_1_209' title='bbox 51 2043 104 2091; x_wconf 92' lang='lat' dir='ltr'>quod</span> <span class='ocrx_word' id='word_1_210' title='bbox 115 2043 159 2087; x_wconf 82' lang='lat' dir='ltr'>iltis,</span> <span class='ocrx_word' id='word_1_211' title='bbox 169 2043 202 2090; x_wconf 85' lang='lat' dir='ltr'>qui</span> <span class='ocrx_word' id='word_1_212' title='bbox 209 2043 368 2089; x_wconf 81' lang='lat' dir='ltr'>apostataverint,</span> <span class='ocrx_word' id='word_1_213' title='bbox 380 2043 405 2079; x_wconf 92' lang='lat' dir='ltr'>sit</span> <span class='ocrx_word' id='word_1_214' title='bbox 414 2043 468 2080; x_wconf 90' lang='lat' dir='ltr'>locus</span> <span class='ocrx_word' id='word_1_215' title='bbox 478 2048 496 2080; x_wconf 90' lang='lat' dir='ltr'>et</span> <span class='ocrx_word' id='word_1_216' title='bbox 506 2054 544 2080; x_wconf 81' lang='lat' dir='ltr'>vox</span> <span class='ocrx_word' id='word_1_217' title='bbox 554 2043 719 2086; x_wconf 67' lang='lat' dir='ltr'>restaurandum</span> 
     </span>
     <span class='ocr_line' id='line_1_30' title="bbox 50 2111 719 2161; baseline -0.003 -12"><span class='ocrx_word' id='word_1_218' title='bbox 50 2112 137 2161; x_wconf 83' lang='lat' dir='ltr'>indigent</span> <span class='ocrx_word' id='word_1_219' title='bbox 146 2111 291 2160; x_wconf 75' lang='lat' dir='ltr'>dispensatione</span> <span class='ocrx_word' id='word_1_220' title='bbox 300 2112 323 2147; x_wconf 87' lang='lat' dir='ltr'>ad</span> <span class='ocrx_word' id='word_1_221' title='bbox 334 2112 478 2159; x_wconf 87' lang='lat' dir='ltr'>promotionem</span> <span class='ocrx_word' id='word_1_222' title='bbox 490 2112 598 2149; x_wconf 85' lang='lat' dir='ltr'>habendam</span> <span class='ocrx_word' id='word_1_223' title='bbox 608 2112 719 2158; x_wconf 82' lang='lat' dir='ltr'>cujuscum-</span> 
     </span>
     <span class='ocr_line' id='line_1_31' title="bbox 10 2179 718 2229; baseline -0.003 -11"><span class='ocrx_word' id='word_1_224' title='bbox 10 2187 12 2191; x_wconf 82' lang='lat'>&#39;</span> <span class='ocrx_word' id='word_1_225' title='bbox 50 2193 87 2229; x_wconf 89' lang='lat' dir='ltr'>que</span> <span class='ocrx_word' id='word_1_226' title='bbox 101 2181 166 2225; x_wconf 84' lang='lat' dir='ltr'>officii,</span> <span class='ocrx_word' id='word_1_227' title='bbox 181 2180 235 2228; x_wconf 86' lang='lat' dir='ltr'>quod</span> <span class='ocrx_word' id='word_1_228' title='bbox 250 2179 272 2216; x_wconf 84' lang='lat' dir='ltr'>fit</span> <span class='ocrx_word' id='word_1_229' title='bbox 284 2192 318 2227; x_wconf 90' lang='lat' dir='ltr'>per</span> <span class='ocrx_word' id='word_1_230' title='bbox 330 2181 443 2217; x_wconf 89' lang='lat' dir='ltr'>electionem</span> <span class='ocrx_word' id='word_1_231' title='bbox 464 2181 530 2217; x_wconf 83' lang='lat' dir='ltr'>velud</span> <span class='ocrx_word' id='word_1_232' title='bbox 548 2180 681 2227; x_wconf 81' lang='lat' dir='ltr'>magisterium</span> <span class='ocrx_word' id='word_1_233' title='bbox 699 2180 718 2216; x_wconf 90' lang='lat' dir='ltr'>in</span> 
     </span>
    </p>
   </div>
   <div class='ocr_carea' id='block_1_3' title="bbox 50 2244 717 2373">
    <p class='ocr_par' dir='ltr' id='par_1_9' title="bbox 50 2244 717 2373">
     <span class='ocr_line' id='line_1_32' title="bbox 50 2244 717 2299; baseline -0.003 -12"><span class='ocrx_word' id='word_1_234' title='bbox 50 2250 155 2299; x_wconf 85' lang='lat' dir='ltr'>theologia.</span> <span class='ocrx_word' id='word_1_235' title='bbox 169 2251 190 2287; x_wconf 78' lang='lat' dir='ltr'>lit</span> <span class='ocrx_word' id='word_1_236' title='bbox 202 2250 321 2287; x_wconf 88' lang='lat' dir='ltr'>declaramus</span> <span class='ocrx_word' id='word_1_237' title='bbox 331 2261 389 2297; x_wconf 91' lang='lat' dir='ltr'>super</span> <span class='ocrx_word' id='word_1_238' title='bbox 401 2250 430 2286; x_wconf 92' lang='lat' dir='ltr'>illa</span> <span class='ocrx_word' id='word_1_239' title='bbox 446 2249 592 2293; x_wconf 81' lang='lat' dir='ltr'>constitutione,</span> <span class='ocrx_word' id='word_1_240' title='bbox 610 2244 663 2296; x_wconf 82' lang='lat' dir='ltr'>quo&#39;d</span> <span class='ocrx_word' id='word_1_241' title='bbox 676 2250 717 2286; x_wconf 92' lang='lat' dir='ltr'>nul-</span> 
     </span>
     <span class='ocr_line' id='line_1_33' title="bbox 51 2317 716 2373; baseline -0.006 -16"><span class='ocrx_word' id='word_1_242' title='bbox 51 2321 82 2357; x_wconf 90' lang='lat' dir='ltr'>lus</span> <span class='ocrx_word' id='word_1_243' title='bbox 91 2320 115 2357; x_wconf 89' lang='lat' dir='ltr'>ad</span> <span class='ocrx_word' id='word_1_244' title='bbox 126 2320 233 2369; x_wconf 78' lang='lat' dir='ltr'>legendum</span> <span class='ocrx_word' id='word_1_245' title='bbox 245 2317 354 2372; x_wconf 81' lang='lat' dir='ltr'>Sententias</span> <span class='ocrx_word' id='word_1_246' title='bbox 363 2319 392 2359; x_wconf 88' lang='lat' dir='ltr'>vel</span> <span class='ocrx_word' id='word_1_247' title='bbox 402 2318 425 2355; x_wconf 89' lang='lat' dir='ltr'>ad</span> <span class='ocrx_word' id='word_1_248' title='bbox 435 2317 569 2373; x_wconf 81' lang='lat' dir='ltr'>magisterium</span> <span class='ocrx_word' id='word_1_249' title='bbox 579 2317 613 2362; x_wconf 69' lang='lat' dir='ltr'>dac.</span> <span class='ocrx_word' id='word_1_250' title='bbox 621 2318 701 2359; x_wconf 89' lang='lat' dir='ltr'>addatur</span> <span class='ocrx_word' id='word_1_251' title='bbox 711 2329 716 2354; x_wconf 79' lang='lat'>2</span> 
     </span>
    </p>
   </div>
   <div class='ocr_carea' id='block_1_4' title="bbox 0 0 823 2703">
    <p class='ocr_par' dir='ltr' id='par_1_10' title="bbox 0 0 823 2703">
     <span class='ocr_line' id='line_1_34' title="bbox 0 0 823 2703; baseline 0 0"><span class='ocrx_word' id='word_1_252' title='bbox 0 0 823 2703; x_wconf 95' lang='lat' dir='ltr'> </span> 
     </span>
    </p>
   </div>
  </div>
 </body>
</html>
