1631 2703
296 126 445 156 'nuanrcaxxvr
688 119 712 162 ,83

40 201 70 250 pis
83 200 202 239 notabilibus
214 205 234 238 et
246 201 321 250 negatis
336 200 356 239 in
368 212 438 240 eorum
450 200 538 239 absentia
558 212 637 249 semper
656 202 712 241 fiant.

38 271 125 309 Caueant
138 274 206 308 tamen
216 272 285 309 fratres
300 271 333 319 qui
347 271 384 309 sub
402 271 462 308 modo
476 271 632 309 denuntiationis
647 273 714 309 volue-

38 341 77 379 rint
91 340 160 389 majori
178 351 215 378 suo
230 340 354 378 manifestare
368 340 450 389 aliquod
462 340 536 378 malum
549 341 580 378 vel
598 340 712 378 scandalum

38 414 179 460 perpetratum,
193 415 215 448 ut
228 410 265 447 sub
274 410 306 447 tali
320 410 380 447 modo
390 409 546 447 denuntiationis
559 421 599 447 non
609 410 714 448 nominent

39 481 118 518 tratrem
130 479 215 527 aliquem
228 478 328 528 sigillatim
344 483 363 516 et
375 490 474 528 expresse,
488 479 570 527 quodsi
584 479 655 516 saciant
669 479 713 527 ipso

38 551 89 587 iacto
101 549 141 586 sint
159 548 238 597 obligati
251 548 275 585 ad
294 559 374 596 poenam
389 548 469 586 talionis
481 547 497 585 si
513 548 619 586 defecerint
637 548 656 585 in
669 560 714 597 pro-

38 618 110 667 bando,
124 618 169 666 quia
180 618 224 655 talis
236 617 358 655 denuntiatio
371 618 470 655 accusatio
483 622 591 667 reputatur.

65 686 84 726 6.
100 688 273 726 Poterunttamen
290 686 414 725 manifestare
433 687 453 724 in
469 687 555 736 generali
576 692 594 725 et
615 688 714 736 requirere

39 758 132 805 maiorem
145 761 167 795 ut
179 756 295 806 inquiratur.
309 757 356 794 ltem
370 756 476 795 statuimus
488 756 542 805 quod
553 757 653 795 laborante
663 758 714 795 tama

38 827 120 875 alicujus
138 825 184 864 mali
198 826 227 864 vel
242 825 335 870 scandali,
349 825 403 874 quod
415 825 536 875 quicumque
548 827 639 875 superior
650 827 714 875 possit

39 902 58 935 et
69 896 140 934 habeat
154 894 256 934 veritatem
270 894 368 944 inquirere
383 906 407 931 eo
425 895 486 933 modo
501 906 541 944 quo
558 895 595 934 sibi
608 895 712 939 videbitur.

38 967 68 1005 vel
80 977 115 1014 per
125 965 261 1015 juramentum
274 965 305 1002 vel
317 964 355 1002 alio
367 964 438 1013 quovis
455 964 515 1003 modo
527 964 547 1002 in
560 965 665 1014 praesentia
677 965 714 1003 du-

38 1046 94 1074 orum
111 1035 142 1073 vel
159 1034 227 1079 trium,
241 1044 283 1072 non
298 1033 389 1072 obstante
404 1033 492 1072 absentia
510 1034 611 1072 diffamati.
627 1034 665 1072 Sed
680 1046 715 1083 per

38 1105 75 1143 hoc
87 1114 128 1142 non
140 1103 257 1152 procedatur
266 1102 290 1140 ad
298 1102 423 1152 punitionem
436 1114 543 1152 usquequo
555 1108 648 1152 appareat
662 1103 679 1141 si
688 1109 715 1141 ta-

38 1174 61 1212 lis
73 1173 186 1211 diffamatus
198 1172 270 1222 poterit
287 1183 308 1209 se
319 1172 408 1221 legitime
425 1183 519 1210 excusare
532 1175 598 1210 coram
611 1173 644 1210 illo
656 1184 714 1222 supe-

38 1242 88 1281 riore
104 1241 138 1291 qui
158 1240 308 1290 inquisitionem
320 1241 393 1283 iecerit,
412 1241 443 1278 vel
463 1241 500 1278 alio
518 1241 550 1279 cui
566 1241 610 1279 talis
623 1242 714 1291 superior

39 1311 160 1350 commiserit
171 1322 232 1360 super
245 1311 283 1348 hoc
298 1310 350 1348 vices
366 1322 420 1348 suas.
438 1320 462 1357 7.
479 1311 600 1349 Ordinamus
618 1315 683 1349 autem
695 1316 715 1349 et

39 1363 126 1418 districte
143 1379 276 1429 praecipimus
289 1379 343 1427 quod
356 1390 390 1428 per
402 1380 480 1417 nullum
499 1379 638 1428 praesidentem
650 1379 670 1417 in
683 1391 715 1417 or-

39 1450 84 1487 dine
101 1453 185 1498 cogatur
204 1448 275 1497 aliquis
291 1459 325 1496 per
344 1448 516 1487 incarcerationem
534 1450 565 1486 vel
579 1448 713 1487 extorsionem

39 1519 145 1557 violentam
157 1518 182 1556 ad
194 1518 380 1566 recognoscendum
393 1518 424 1555 vel
439 1518 552 1556 faciendum
564 1518 667 1557 veritatem
681 1519 719 1556 ali--

39 1599 98 1637 quam
111 1599 171 1637 super
183 1588 264 1625 crimine
276 1587 313 1625 sibi
326 1588 357 1625 vel
369 1587 422 1625 alteri
434 1587 536 1637 imposito,
550 1598 585 1626 nec
597 1599 633 1637 pro
645 1588 715 1637 liujus-

39 1657 93 1695 modi
106 1658 198 1707 puniatur
216 1657 254 1694 nisi
269 1658 342 1694 iactum
358 1656 441 1694 evidens
456 1657 514 1694 tuerit
525 1658 555 1694 vel
568 1657 614 1695 alias
626 1658 714 1706 legitime

40 1726 82 1764 talis
94 1726 197 1765 convictus
209 1725 294 1764 extiterit
305 1729 338 1764 aut
348 1726 459 1771 confessus
470 1726 566 1764 ueletiam
577 1726 662 1764 violenta
671 1738 716 1765 sus-

41 1796 90 1844 picio
102 1796 203 1840 habeatur,
212 1807 271 1844 quam
284 1794 418 1844 suspicionem
431 1796 516 1833 babeant
524 1796 611 1845 judicare
624 1798 663 1834 iore
673 1797 716 1835 vio·

41 1865 113 1903 lentam
124 1866 154 1903 vel
165 1876 213 1910 non,
225 1864 270 1902 talis
285 1863 374 1914 superior
383 1876 429 1921 cum
439 1864 519 1903 duobus
531 1865 555 1902 de
567 1865 715 1905 discretioribus

41 1936 64 1973 de
75 1941 182 1974 conuentu.
194 1936 212 1973 8.
229 1935 267 1973 Nec
277 1934 335 1972 etiam
348 1935 418 1983 aliquis
438 1936 495 1973 trater
510 1935 604 1984 puniatur
616 1948 651 1985 pro
668 1948 716 1986 qun-

42 2016 128 2053 cumque
144 2005 209 2053 culpa,
223 2003 260 2042 nisi
273 2005 377 2042 consessus
389 2004 448 2042 suerit
459 2005 489 2041 vel
502 2004 603 2042 convictus
620 2016 653 2054 per
665 2005 717 2043 testi-

42 2074 132 2114 monium
148 2074 187 2113 fide
204 2074 310 2123 dignarum
331 2085 460 2123 personarum
479 2075 624 2124 cujuscumque
644 2080 714 2114 status.

42 2154 61 2191 9.
76 2143 95 2181 Si
107 2143 152 2193 quis
164 2142 220 2181 alicui
229 2148 302 2181 secreta
311 2142 397 2192 capituli,
409 2143 421 2180 1.
435 2155 452 2180 e.
464 2143 495 2181 illa
504 2155 549 2192 quae
558 2144 667 2193 praesidens
678 2144 716 2182 sub

42 2218 116 2251 secreto
137 2213 216 2251 celanda
232 2212 361 2257 commiserit,
384 2212 512 2251 saecularibus
524 2213 554 2251 vel
567 2213 609 2251 aliis
620 2213 716 2263 religiosis

41 2282 72 2319 vel
84 2283 142 2321 etiam
155 2283 246 2320 iratribus
259 2282 332 2320 nostris
342 2287 395 2320 extra
405 2282 512 2331 capitulum
523 2282 653 2321 existentibus
663 2294 717 2321 reve-

1 2397 2 2402 1
42 2349 115 2397 laverit,
130 2364 178 2391 voce
188 2356 207 2390 et
217 2353 260 2390 loco
273 2351 367 2401 privetur,
378 2356 397 2389 et
407 2356 489 2401 pensato
501 2352 594 2390 scandalo
603 2353 633 2390 vel
642 2352 716 2391 damno

43 2420 97 2467 quod
108 2420 204 2467 acciderit,
214 2432 274 2470 poena
285 2420 379 2470 gravioris
391 2422 454 2471 culpae
466 2421 549 2470 rigidius
558 2420 659 2471 puniatur.
