1631 2703
101 131 127 181 46
359 139 518 173 consnronouas

102 219 136 267 qui
147 219 256 257 secundum
266 219 329 258 Deum
341 219 417 258 creatus
431 224 461 258 est
473 220 554 258 induere
567 216 670 259 mereatur.
680 216 716 257 Per
729 230 776 258 eun-

101 288 147 327 dern
157 289 258 327 Christum
268 289 376 328 Dominum
387 294 485 328 nostrum.
500 288 549 340 (Fol.
566 300 589 336 14
600 290 626 338 a).

169 380 280 427 ournsJesu
295 381 372 419 Christe
380 381 414 430 qui
429 392 449 419 es
460 380 489 419 ria
507 380 549 419 sine
558 392 598 430 qua
615 392 674 418 nemo
686 380 740 418 venit
751 379 775 417 ad

169 450 252 495 Patrem,
259 461 377 498 quaesumus
384 451 507 489 clementiam
515 455 577 494 tuam,
586 454 608 489 ut
620 451 672 489 bunc
678 450 775 488 famulum

101 522 159 557 tuum
169 532 180 557 a
192 519 302 558 carnalibus
315 520 416 559 desideriis
434 521 554 559 abstractum
565 532 599 570 per
618 520 654 558 iter
668 505 775 569 disciplinae

101 588 195 638 regularis
204 589 295 633 deducas,
310 590 367 639 etqui
377 595 488 639 peccatores
496 602 566 629 vocare
574 590 665 639 dignatus
674 601 694 627 es
700 589 774 636 dicens:

101 658 170 696 Venite
179 659 204 696 ad
216 670 247 696 nte
259 670 330 697 ornnes
340 659 374 708 qui
384 660 476 698 laboratis
485 664 504 698 et
515 659 590 698 onerati
603 659 650 698 estis
663 663 682 697 et
694 670 730 708 ego
739 670 776 698 vos

102 727 185 766 reficiam
196 739 200 777 3
214 733 284 777 praesta
294 733 316 767 ut
325 730 365 767 haec
373 741 413 769 vox
424 728 545 768 invitationis
556 733 597 768 tuae
606 728 632 767 ita
641 729 661 767 in
673 723 777 768 eoconva-

101 798 169 840 lescat,
178 802 277 846 quatenus
289 803 414 848 peccatorum
422 810 482 837 onera
494 799 596 848 deponens
608 803 627 837 et
638 809 698 848 quam
714 797 776 836 dulcis

101 879 122 906 es
131 872 216 916 gustans
228 873 260 906 tua
274 869 378 906 relectione
389 869 495 907 sustentari
512 872 614 907 mereatur,
626 868 648 906 Et
659 868 777 906 sicutattes—

100 937 136 974 tari
146 937 170 974 de
182 937 221 975 tuis
232 937 304 976 ovibus
313 938 406 987 dignatus
417 950 445 987 es,
458 949 544 988 agnosce
554 950 599 976 eum
609 937 660 976 inter
668 942 775 985 oves‘tuas,

101 1012 123 1045 ut
135 1006 177 1056 ipse
188 1010 208 1044 te
219 1013 315 1056 agnoscat
326 1013 345 1046 et
353 1007 439 1046 alienum
452 1019 492 1046 non
503 1012 602 1057 sequatur,
614 1008 649 1046 sed
655 1007 689 1052 Te,
702 1019 777 1045 necau-

100 1076 141 1114 diat
150 1088 218 1115 vocem
228 1077 344 1122 alienorum,
356 1078 391 1116 sed
400 1082 454 1116 tuam
467 1090 506 1127 qua
518 1077 580 1116 dicis:
590 1077 628 1123 Qui
644 1076 692 1115 mihi
709 1076 778 1115 minis-

64 1144 66 1146 ’
101 1151 140 1184 trat
150 1158 182 1184 me
194 1152 296 1196 sequatur.
310 1147 349 1193 Qui
358 1147 409 1186 vivis
417 1152 436 1186 et
453 1159 524 1196 regnas
533 1147 552 1185 in
565 1148 636 1186 saecula
649 1147 775 1186 saeculorum.

103 1216 175 1254 Arnen.

103 1307 207 1423 Sancte
219 1307 309 1357 Spiritus,
321 1308 379 1357 quite
389 1309 452 1346 Deum
465 1320 486 1346 ac
496 1308 603 1347 Dominum
611 1309 695 1346 revelare
706 1308 777 1358 digna-

147 1382 178 1415 tus
185 1389 206 1415 es
213 1378 336 1422 mortalibus,
345 1379 470 1426 postulamus
476 1378 596 1416 immensam
602 1382 641 1416 tuae
648 1377 726 1427 pietatis
733 1389 777 1427 gra-

100 1446 154 1491 tiam,
169 1451 190 1485 ut
199 1446 249 1485 sicut
256 1447 289 1485 ubi
301 1447 330 1485 vis
338 1448 408 1497 spiras,
417 1447 444 1485 sic
457 1453 475 1484 et
484 1448 503 1485 in
511 1449 548 1485 hoc
556 1448 630 1485 famulo
639 1453 674 1485 tuo
684 1448 776 1486 affectum

100 1516 212 1554 devotionis
225 1516 336 1565 indulgeas,
350 1521 369 1554 et
383 1527 435 1565 quos
446 1521 480 1554 tua
494 1516 588 1565 sapientia
600 1528 621 1554 es
633 1516 726 1555 conditus
743 1522 777 1554 tua

100 1596 180 1633 quoque
192 1586 296 1635 prudentia
312 1586 429 1634 gubernare,
444 1597 503 1634 quern
519 1587 575 1635 Juxta
586 1591 641 1624 tuam
661 1590 776 1624 consuetam

99 1656 182 1703 gratiam
193 1655 260 1693 unctio
272 1661 306 1694 tua
315 1655 339 1693 de
347 1655 441 1694 omnibus
451 1656 520 1694 doceat
529 1665 533 1702 3
545 1660 563 1692 et
572 1667 606 1705 per
615 1655 776 1694 intercessionem

99 1724 218 1762 beatissimae
230 1724 316 1773 Virginis
334 1725 407 1769 Mariae,
425 1736 483 1774 quam
496 1724 615 1774 praecipuam
629 1725 688 1774 liujus
704 1730 778 1763 sanctae

100 1792 200 1842 religionis
212 1798 314 1843 patronam
330 1794 407 1840 dedisti,
424 1806 469 1832 eum
482 1807 492 1832 a
503 1795 588 1832 vanitate
600 1794 666 1832 saeculi
685 1794 777 1832 veraciter

100 1868 198 1908 converte,
210 1868 229 1900 et
237 1863 288 1901 sicut
298 1875 319 1901 es
328 1863 418 1901 omnium
430 1868 555 1912 peccatorum
568 1862 667 1908 remissio,
681 1863 707 1900 ita
715 1862 778 1912 depri-

101 1937 178 1970 mentes
190 1932 295 1981 impietatis
307 1932 436 1982 obligationes
445 1932 465 1970 in
475 1944 497 1971 eo
510 1933 603 1976 dissolve,
613 1936 632 1969 et
641 1932 665 1969 ad
670 1932 778 1970 observan-

100 2002 147 2040 tiam
157 2002 217 2051 hujus
230 2002 291 2040 sancti
304 2002 399 2051 propositi
417 2003 447 2040 fac
458 2013 503 2040 eum
516 2002 542 2040 ita
554 2001 643 2039 certatim
658 2002 739 2046 fervere,
756 2006 778 2040 ut

101 2076 120 2112 in
132 2070 292 2110 tribulationibus
310 2076 329 2109 et
346 2071 444 2121 angustiis
458 2076 491 2108 tua
503 2070 621 2108 indeficienti
643 2070 778 2108 consolatione

100 2142 163 2178 valeat
177 2141 277 2189 respirare,
294 2146 313 2178 et
328 2145 350 2178 ut
358 2142 409 2186 iuste
421 2146 441 2178 et
458 2140 489 2189 pie
509 2151 543 2189 per
554 2151 621 2177 veram
645 2140 780 2178 humilitatem

101 2214 160 2258 atque
170 2210 309 2254 obedientiam,
323 2210 432 2247 castitatem
445 2214 463 2247 et
475 2212 608 2257 paupertatem
621 2209 641 2246 in
655 2210 738 2247 fraterna
747 2220 779 2246 ca-

101 2278 155 2316 ritate
170 2279 271 2323 fundatus,
285 2279 340 2327 quod
351 2279 378 2317 Te
390 2279 477 2317 donante
487 2278 584 2327 promittit
593 2278 643 2316 felici
652 2289 779 2327 perseveran-

100 2347 126 2385 tia
143 2349 252 2397 compleat3
273 2348 326 2397 quod
338 2348 381 2397 lpse
394 2352 485 2397 praestare
499 2347 592 2396 digneris,
615 2348 649 2397 qui
668 2341 781 2390 cumDeb
