1631 2703
304 114 384 144 Rustica
398 114 442 143 xxiv
686 113 711 154 79

36 190 146 232 teritetiam
159 190 211 240 prior
222 190 346 240 provincialis
357 191 381 229 de
393 201 477 229 assensu
490 189 621 228 diffinitorum
632 190 712 239 capituli

37 260 167 314 provincialis,
178 260 197 299 in
207 260 291 311 capitulo
301 260 413 311 provinciali
426 260 491 299 solum
501 271 571 298 vocem
578 264 597 297 et
607 260 672 298 locum
681 272 712 298 ca-

36 331 124 372 rentibus
133 330 233 370 restituere
245 330 320 381 his,qui
332 331 374 369 sine
383 331 476 369 scandalo
489 330 611 368 saecularium
622 329 712 379 perdide-

37 407 89 451 runt,
99 412 186 451 quorum
198 401 320 451 dispensatio
331 401 355 439 de
369 405 443 440 statuto
454 412 494 439 non
509 405 618 439 reservatur
626 400 711 449 capitulo

37 471 129 524 generali.
141 472 284 511 Verumtamen
299 471 318 509 in
332 470 423 521 proximo
436 470 522 520 capitulo
537 469 650 520 provinciali
666 475 712 519 post

37 542 144 593 capitulum
150 542 241 592 generale
250 541 321 590 poterit
330 540 454 591 provincialis
460 541 484 579 de
490 540 620 579 diffinitorum
627 551 712 579 assensu

38 615 105 652 fratres
123 623 263 661 quoscumque
278 611 425 660 dispensatione
444 610 541 660 generalis
562 609 641 659 capituli
654 610 712 660 juxta

38 681 190 722 constitutiones
201 686 242 720 tam
255 681 278 720 de
290 682 332 720 loco
345 683 363 720 et
374 692 429 728 voce,
440 692 500 730 quam
513 680 537 718 de
548 680 625 728 officiis,
639 679 713 718 diffini-

11 754 16 762 *
38 752 125 792 tionibus
133 756 153 790 et
164 751 234 790 studiis
246 751 365 802 indigentes,
376 751 476 789 habilitare
484 750 499 789 si
509 750 526 788 ei
534 751 601 790 visum
611 750 669 789 suerit
678 761 712 788 ex-

39 822 111 874 pedire.

68 895 97 932 18.
113 893 191 931 Mortuo
200 897 266 931 autem
276 892 339 941 priore
350 891 463 941 provinciali
475 892 620 942 cujuscumque
631 890 714 940 provin-

39 963 79 1007 ciae,
91 962 122 1001 vel
134 962 232 1012 deposito,
247 972 282 1000 seu
294 966 406 1011 assumpto,
420 960 486 999 statim
496 972 551 999 mors
560 971 596 999 seu
603 971 660 999 casus
670 960 713 1010 ejus

38 1044 72 1082 per
81 1031 166 1082 priorem
178 1031 198 1070 in
208 1032 265 1082 cujus
277 1035 377 1069 conventu
386 1032 417 1069 vel
429 1030 518 1069 terminis
527 1031 565 1069 hoc
573 1030 589 1068 ei
599 1029 712 1079 contigerit,

38 1101 158 1152 significetur
169 1101 228 1151 priori
243 1102 273 1139 vel
285 1101 356 1139 vicario
368 1101 442 1139 domus
457 1111 490 1149 per
502 1083 620 1139 electionem
631 1101 681 1138 sacto
693 1099 713 1137 in

38 1183 77 1220 qua
88 1171 196 1220 capitulum
206 1171 325 1219 provinciale
336 1171 400 1209 luerat
411 1170 543 1220 assignatum.
557 1170 579 1208 Et
594 1169 625 1208 ille
634 1181 714 1219 compe-

37 1240 87 1279 tenti
98 1240 222 1279 sestinatione
236 1240 343 1289 capitulum
356 1240 474 1290 provinciale
489 1244 585 1279 convocet
597 1244 616 1278 et
631 1239 652 1277 in
670 1239 713 1288 ipso

39 1310 142 1360 praesideat
151 1316 256 1360 quousque
265 1309 382 1348 diffinitores
394 1310 434 1349 sint
443 1309 504 1349 electi.
518 1309 537 1348 Si
549 1321 595 1348 vero
603 1314 714 1348 conventus

39 1380 144 1429 pradictus
155 1379 241 1429 priorem
253 1380 284 1418 vel
294 1379 388 1418 vicarium
397 1380 456 1418 talem
469 1377 519 1432 [illo]
531 1385 580 1418 tunc
592 1390 632 1418 non
642 1379 717 1418 habue-

40 1450 70 1494 rit,
88 1449 163 1488 habens
173 1449 256 1498 primam
268 1460 337 1487 vocem
347 1448 367 1487 in
378 1449 411 1487 illo
426 1453 527 1487 conventu
537 1448 653 1498 praedictum
669 1460 715 1498 pro-

39 1520 121 1558 vinciale
132 1519 240 1569 capitulum
249 1519 364 1557 festinanter
373 1519 443 1558 babeat
452 1530 566 1563 convocare,
580 1519 600 1557 in
612 1530 653 1568 quo
665 1518 715 1557 anti-

41 1589 99 1638 quior
111 1589 164 1638 prior
173 1588 235 1637 ipsius
245 1588 351 1637 provinciae
360 1589 471 1627 secundum
480 1589 569 1627 ordinem
578 1594 717 1627 conventuum

41 1658 110 1697 babeat
119 1658 222 1708 praesidere
234 1669 339 1708 quousque
351 1658 467 1697 diffinitores
479 1658 519 1697 sint
527 1658 590 1697 electi.
610 1659 676 1697 Electo
688 1663 717 1696 ta-

42 1738 87 1766 men
97 1728 160 1777 primo
168 1728 188 1765 in
198 1728 242 1777 ipso
252 1732 351 1766 conventu
363 1728 442 1773 vicario,
453 1728 511 1767 etiam
524 1728 608 1767 discreto
618 1740 654 1777 pro
666 1727 718 1777 capi-

42 1797 83 1835 tulo
98 1796 223 1847 provinciale,
237 1797 355 1847 praesidente
365 1797 417 1836 dicto
427 1797 497 1848 priore.
512 1798 587 1836 Deinde
599 1797 717 1848 praesidente

43 1866 106 1914 primo
122 1867 234 1915 diffinitone,
248 1866 286 1905 nisi
301 1868 354 1916 prior
364 1867 460 1917 generalis
473 1869 505 1907 vel
518 1867 560 1917 ejus
572 1867 654 1906 vicarius
668 1879 718 1917 prae-

43 1945 89 1975 sens
98 1940 157 1983 esset,
168 1936 192 1974 ad
204 1935 320 1974 electionem
330 1936 399 1986 prioris
409 1936 533 1986 provincialis
553 1938 584 1976 vel
596 1937 661 1976 vicarii
673 1948 719 1987 pro-

43 2005 129 2052 cedatur,
143 2011 202 2055 prout
213 2005 233 2044 in
248 2005 333 2055 capitulo
351 2006 375 2044 de
393 2007 487 2045 electione
500 2006 577 2057 plenius
596 2007 717 2051 continetur'

44 2075 77 2123 qui
87 2075 122 2114 rite
131 2076 215 2114 electum
225 2075 295 2114 habeat
306 2075 430 2114 confirmare.
439 2076 458 2114 Si
473 2088 519 2115 vero
532 2088 597 2116 unum
609 2088 634 2115 ex
646 2076 720 2115 diffini-

43 2145 120 2184 toribus
129 2145 172 2196 eligi
181 2145 285 2195 contigerit
296 2145 315 2183 in
323 2146 463 2195 provincialem
473 2148 504 2185 vel
511 2146 605 2185 vicarium
611 2143 718 2199 [eligatur],

45 2216 144 2255 secundus
161 2216 232 2254 habeat
245 2228 291 2254 eum
305 2216 428 2261 confirmare,
443 2216 480 2255 nisi
492 2216 511 2255 in
524 2218 585 2255 electo
597 2221 617 2255 et
632 2217 721 2255 electori-

45 2282 83 2322 bus
94 2286 124 2324 vel
133 2284 228 2324 electione
241 2285 322 2325 evidens
332 2297 385 2325 error
397 2290 495 2336 appareat,
509 2297 569 2336 quem
582 2297 668 2325 errorem
686 2298 721 2336 per

47 2352 162 2395 diffinitores
171 2354 249 2406 capituli
259 2355 383 2395 decrevimus
392 2356 530 2407 judicandum.
