1631 2703
310 107 391 134 accarca
400 107 450 134 xxvn
505 117 507 120 ·
690 96 715 146 89

56 209 58 213 ,
77 179 235 228 132.Consimilis
246 181 309 217 fotura
317 179 337 216 in
346 179 439 217 electione
449 180 517 228 prioris
524 179 647 228 provincialis
659 184 678 217 et
687 180 716 217 lo·

48 247 94 285 calis
103 247 223 292 observetur,
234 247 259 285 ita
270 252 335 285 tamen
347 247 401 296 quod
415 248 434 285 in
446 247 539 285 electione
549 247 673 296 provincialis
681 260 716 286 vo-

48 327 79 354 ces
87 317 168 354 fratrum
176 316 285 354 conscribat
295 316 403 364 praesidens
412 317 496 365 capitulo
503 328 548 354 cum
557 316 636 354 duobus
648 317 715 366 primis

48 385 187 423 diffinitoribus
197 385 220 424 de
229 384 313 433 capitulo
324 385 443 433 provinciali.
463 422 465 424 .

54 464 56 466 ’
78 464 107 500 14.
126 453 146 490 ln
164 453 258 491 electione
269 449 315 491 vero
332 453 401 501 prioris
415 453 488 498 localis,
504 453 611 501 praesidens
626 453 712 502 capitulo

48 519 135 574 [scribat]
150 533 195 559 cum
207 522 287 559 duobus
299 522 391 559 fratribus
403 521 514 559 senioribus
526 522 550 559 de
565 526 671 566 conventu,
684 523 714 560 vel

47 590 104 627 etiam
119 601 165 627 cum
180 584 220 627 uno
237 591 295 627 fratre
310 589 393 634 seniore,
406 590 422 627 si
438 595 549 627 conventus
565 601 636 638 parvus
648 590 713 633 fuerit,

47 658 101 696 etin
118 652 201 707 utraclue
213 658 306 696 electione
318 658 359 696 scil.
374 663 415 696 tam
431 658 501 706 prioris
519 658 641 707 provincialis
656 670 716 706 quam

47 726 120 771 localis,
134 727 253 775 electus'per
270 726 392 775 superiorem
405 726 442 764 nisi
454 726 527 775 aliquid
542 726 652 775 legitimum
671 727 717 764 obs-

47 795 118 843 teterit,
128 795 264 844 confirmetur.

76 874 105 912 15·
122 864 180 901 Porro
192 864 211 901 in
223 864 318 901 electione
330 864 377 901 socii
389 863 458 911 prioris
470 863 536 901 localis
548 864 593 902 ituri
604 864 628 901 ad
638 864 715 912 capitu-

46 933 87 969 lum
106 932 230 981 provinciale,
242 932 315 970 liabens
328 932 435 970 secundam
447 944 515 970 vocem
531 938 576 984 post
588 933 679 981 priorem,
693 932 713 969 in

46 1000 148 1049 praesentia
159 1000 221 1049 ipsius
233 1000 303 1049 prioris
320 1012 377 1038 voces
397 1002 481 1038 fratrum
503 1001 619 1052 conscribat,
633 1001 652 1038 in
675 1012 714 1049 qua

46 1068 139 1106 electione
151 1068 204 1117 prior
215 1069 289 1106 nullam
310 1068 379 1105 habeat
391 1079 459 1120 vocem
471 1079 517 1106 cum
532 1068 573 1117 ipse
584 1068 654 1106 debeat
665 1068 716 1117 capi-

47 1137 89 1174 tulo
100 1136 202 1181 interesse,
212 1141 231 1174 et
242 1136 273 1174 ille
285 1136 318 1185 qui
331 1137 397 1186 plures
409 1148 467 1175 voces
479 1136 635 1185 habueritquam
647 1148 717 1175 omnes

46 1204 77 1255 alii
89 1204 147 1242 simul
157 1205 227 1253 juncti,
238 1216 262 1242 ex
276 1206 312 1242 hoc
327 1205 370 1253 ipso
383 1205 449 1243 socius
463 1205 564 1250 habeatur,
580 1210 599 1243 et
613 1205 629 1243 si
641 1205 719 1243 contin·

46 1277 79 1323 gat
90 1274 138 1312 tales
148 1274 240 1312 electores
252 1285 292 1311 non
309 1273 426 1312 concordare
438 1273 493 1312 tertia
504 1273 553 1319 vice,
567 1274 598 1312 ille
607 1273 641 1323 qui
653 1275 719 1324 plures

47 1353 106 1380 voces
116 1342 204 1380 habuerit
214 1342 278 1380 socius
292 1342 329 1390 sit;
344 1343 399 1390 quod
413 1335 429 1380 si
441 1336 526 1391 aequites
536 1354 595 1383 voces
607 1343 717 1387 habuerint,

48 1410 78 1449 ille
90 1410 115 1450 sit
127 1411 193 1450 socius
202 1411 235 1460 qui
245 1411 295 1449 inter
306 1411 378 1449 electos
390 1411 488 1461 antiquior
500 1411 520 1449 in
532 1411 600 1450 ordine
612 1411 717 1451 invenitur.

51 1467 80 1528 16.
93 1480 145 1517 ldern
155 1491 201 1517 vero
213 1480 278 1528 quoad
290 1479 405 1518 electionem
423 1480 487 1518 vicarii
499 1480 568 1529 prioris
587 1481 631 1518 ituri
647 1481 671 1518 ad
690 1482 719 1519 di-

47 1552 101 1586 ctum
111 1547 217 1597 capitulum
225 1548 241 1586 si
251 1559 291 1585 non
298 1548 459 1586 concordaverint
466 1548 563 1586 observari
572 1550 672 1595 volumus,
682 1549 718 1587 nisi

48 1604 139 1665 subprior
150 1616 170 1653 in
183 1616 257 1654 socium
271 1621 390 1661 assumatur,
403 1618 433 1654 vel
447 1617 484 1655 nisi
493 1618 584 1666 subprior
594 1629 634 1656 non
649 1618 718 1656 habea-

47 1689 85 1729 tur,
96 1684 133 1722 boc
142 1685 207 1723 solum
217 1689 300 1732 mutato,
310 1685 363 1734 quod
376 1685 428 1734 prior
443 1697 502 1724 voces
514 1687 596 1724 fratrum
608 1687 718 1725 conscribat

46 1753 174 1791 coassistente
185 1753 222 1791 sibi
234 1754 291 1791 fratre
305 1754 408 1792 habentem
426 1755 533 1793 secundam
545 1766 614 1793 vocem
627 1760 672 1804 post
687 1756 717 1805 ip-

47 1833 100 1861 sum.
117 1833 146 1870 17-
165 1822 184 1859 ln
204 1822 297 1860 electione
316 1834 362 1861 vero
385 1823 484 1862 sociorum
505 1824 574 1873 prioris
595 1824 719 1874 provincialis

47 1890 91 1928 ituri
103 1891 127 1928 ad
142 1891 250 1940 capitulum
262 1892 358 1941 generale,
379 1892 455 1941 primus
466 1892 561 1931 diffinitor
577 1893 597 1931 in
616 1894 719 1942 praesentia

48 1959 116 2008 prioris
126 1960 248 2009 provincialis
261 1965 280 1998 et
291 1960 372 1999 secundi
383 1961 496 2000 diffinitoris
511 1973 570 2001 voces
582 1964 663 2001 fratrum
673 1975 720 2001 con-

47 2028 129 2067 scribere
137 2034 233 2074 teneatur,
242 2029 261 2066 in
271 2041 356 2078 quorum
366 2031 459 2068 electione
469 2031 521 2080 prior
532 2032 628 2080 generalis
637 2033 667 2069 vel
674 2043 719 2080 pro-

47 2096 133 2135 vincialis
147 2098 220 2135 nullam
229 2096 279 2148 (Fol.
296 2109 321 2148 29
333 2098 355 2146 b)
366 2109 434 2136 vocem
450 2099 526 2137 habeat.
539 2100 576 2137 Sed
591 2100 611 2138 in
624 2100 718 2138 electione

47 2150 111 2203 bicarii
121 2165 225 2214 provinciae
233 2171 252 2203 et
263 2166 327 2203 vicarii
336 2166 405 2215 prioris
417 2168 490 2212 localis,
501 2168 590 2206 similiter
599 2169 716 2217 subprioris,

47 2238 66 2271 et
75 2234 165 2278 sacristae,
181 2234 288 2283 praesidens
300 2235 428 2274 coassistente
440 2236 476 2274 sibi
487 2237 543 2274 fratre
556 2237 718 2275 habentersecun-

46 2304 91 2342 dam
106 2292 174 2343 vocem
196 2311 242 2355 post
260 2295 325 2355 ipsum
346 2318 404 2345 voces
424 2309 506 2347 fratrum
522 2308 638 2353 conscribat,
658 2308 714 2357 iuxta

48 2373 130 2413 modum
142 2385 201 2424 supra
213 2374 307 2424 positum.
