1616 2703
269 131 295 159 DE
306 129 395 159 ORACULO
407 129 500 158 auderico
683 129 721 170 297

46 217 80 257 per
92 216 166 243 sacram
184 204 311 254 Scripturam,
323 216 369 243 cnm
385 216 419 254 per
433 216 445 242 «
455 204 507 242 illam
525 204 621 253 virginem
638 217 722 253 evange-

46 275 102 313 licam
115 273 219 318 Eritheam
230 274 288 323 cujus
300 273 368 311 omnia
380 273 430 311 dicta
442 273 511 311 beatus
522 273 648 320 Augustinus
658 274 721 311 XVIII.

46 345 70 382 de
82 342 163 380 Civitate
174 343 209 381 Dei
224 343 295 381 eximie
310 343 413 392 approbat,
425 347 444 380 et
455 355 465 379 e
477 343 534 391 cujus
547 342 606 379 etiam
620 343 722 391 prophelia

46 411 121 461 colligit
133 412 189 461 signa
197 412 264 462 judicii
274 423 278 459 ;
290 413 361 449 iterum
374 424 408 460 per
419 413 499 449 beatum
512 411 635 460 Ciprianum,
649 411 722 449 Ultimo

46 493 92 520 vero
102 492 137 531 per
152 481 233 519 beatum
246 481 341 530 Cyrillum
350 492 363 518 r>
378 481 406 518 &c
420 486 522 529 utsupra.
538 478 569 531 (ι)
581 481 654 518 Contra
673 481 723 518 hane

46 550 202 601 propositionem
223 550 254 588 die
268 548 409 589 6N0vembris
424 548 473 600 1316
490 544 619 599 inquisitores
634 552 723 588 tulerunt

44 620 141 671 judicium
160 620 219 669 hujus
230 620 318 657 tenoris:
329 631 341 657 a
352 620 399 657 Item
409 620 529 657 damnamus
545 619 633 657 libellum
646 619 680 667 qui
693 619 723 657 in-

46 689 135 728 titulatur
147 689 272 726 Denunttatio
278 691 334 738 facta
350 689 386 727 &c
399 689 426 726 lbi
438 688 491 726 enim
506 688 552 726 dicit
565 689 618 737 quod
632 689 722 726 revelatio

47 760 95 796 tacta
104 758 176 808 Cyrillo
189 763 219 795 est
231 758 335 807 pretiosior
346 758 422 796 cunctis
431 757 536 806 Scripturis
548 757 617 801 Sacris]
630 758 684 805 quod
694 763 723 795 est

47 838 101 865 error
112 826 131 864 in
141 827 187 873 tide,
198 838 244 865 cum
254 827 303 865 fides
316 827 427 876 dependeat
438 839 463 865 ex
474 826 529 864 Sacra
539 826 637 875 Scriptura
650 832 669 864 et
681 838 721 864 non

47 908 71 935 ex
79 897 110 934 illa
123 896 240 934 revelatione
249 894 280 947 (2)
288 908 308 935 v.

73 967 123 1010 Quae
139 976 186 1003 vero
203 966 244 1003 haec
259 965 370 1014 persecutio
382 965 439 1003 tuerit
459 977 519 1014 quam
540 965 631 1004 Christus
651 965 722 1002 dicitur

46 1035 173 1074 annuntiasse
185 1046 219 1083 per
227 1035 350 1084 prophetiam
361 1035 560 1085 pseudo-Erythream
571 1040 589 1072 et
596 1034 721 1085 Cyrillianam

47 1104 128 1153 colliges
149 1115 174 1142 ex
193 1104 281 1142 Historia
298 1104 442 1142 tribulationum
466 1103 547 1142 Ordinis
565 1105 662 1141 Minorrmr
682 1103 720 1154 (3).

47 1174 118 1212 «Nam
138 1178 157 1211 et
168 1173 228 1211 abbas
246 1174 362 1211 Floricensis
370 1172 392 1224 (i.
409 1186 426 1211 e.
444 1174 505 1211 abbas
525 1174 623 1220 Joachim)
635 1174 658 1210 de
677 1173 721 1222 ipso

46 1244 127 1292 (nempe
139 1242 163 1280 de
180 1243 237 1280 Petro
251 1242 341 1290 Iohanne
358 1242 419 1292 Olivi)
434 1243 566 1291 prophetavit,
582 1247 601 1279 et
613 1242 720 1290 praevisum

46 1324 91 1350 eum
101 1311 163 1350 tuisse
171 1312 229 1349 etiam
242 1312 266 1349 ab
277 1311 371 1361 antiquis,
382 1316 402 1349 et
410 1311 452 1349 aliis
465 1313 499 1361 qui
512 1312 620 1361 prophetiae
628 1311 720 1360 spiritum

0 1401 4 1404 -
46 1381 158 1419 habuerunt
175 1385 220 1419 ante
237 1380 312 1430 ipsum.
328 1380 417 1429 Denique
427 1386 468 1419 tota
480 1381 543 1430 prima
555 1392 600 1430 pars
612 1380 722 1430 prophetiae

0 1451 2 1481 ἶ
46 1450 106 1488 sancti
125 1450 191 1501 Cyrilli
212 1462 272 1499 quam
292 1450 449 1498 abbasJoachim
462 1450 565 1488 immensis
584 1449 675 1488 laudibus
694 1450 721 1486 ef·
785 1446 787 1449 ’

0 1515 4 1554 ᾗ
47 1520 89 1565 tert,
100 1521 179 1558 fratrem
191 1520 270 1557 Petrum
280 1520 390 1566 johannem
401 1520 564 1569 principalissime
574 1520 636 1568 tangit
649 1524 668 1557 et
680 1530 721 1556 suae

0 1598 1 1611 ³
48 1589 153 1628 nativitatis
162 1589 227 1627 locum
240 1589 355 1627 etordinem
366 1601 426 1638 quem
437 1594 477 1627 erat
488 1595 636 1638 assumpturus,
648 1595 666 1627 et
679 1599 722 1637 per-

46 1659 157 1698 secutiones
170 1670 240 1697 omnes
252 1670 301 1707 quas
311 1664 352 1696 erat
366 1670 411 1696 cnm
424 1659 466 1697 suis
478 1659 597 1708 sequacibus
607 1659 631 1696 ab
643 1658 721 1696 aemulis

1 1745 4 1756 ³
46 1740 148 1778 passurus,
167 1733 186 1765 et
205 1739 268 1766 annos
287 1733 306 1766 et
322 1733 412 1778 tempora
429 1733 448 1766 et
461 1729 532 1767 modos
547 1733 566 1766 et
586 1730 627 1766 loca
649 1727 720 1777 partim

0 1795 3 1819 ἶ
47 1797 170 1847 aenigmatice
182 1797 251 1846 partim
271 1798 364 1836 historice
378 1798 472 1836 terminat
486 1803 505 1836 et
517 1798 604 1847 praedicit
607 1827 656 1836 ......
670 1796 721 1842 Quis

0 1863 2 1865 ’
46 1867 98 1905 enim
110 1867 219 1905 infidelium
236 1867 315 1905 faciliter
329 1867 429 1917 suscipiet,
441 1868 495 1916 quod
507 1868 612 1906 innumera
624 1868 689 1904 lutura
701 1867 721 1903 in

67 2063 96 2106 (r)
107 2064 125 2096 S.
132 2062 253 2106 Augustinus,
262 2063 287 2095 De
297 2062 350 2095 Civit.
360 2062 399 2102 Det,
406 2063 473 2102 XVIII,
484 2064 512 2097 23.
520 2063 596 2106 Legenti
603 2072 652 2106 paret
659 2074 721 2096 versus

46 2131 114 2163 graecos
125 2132 170 2165 quos
179 2121 292 2165 Augustinus
306 2121 331 2154 ibi
340 2121 396 2154 latine
406 2121 472 2161 reddit,
486 2130 503 2154 et
511 2133 568 2165 pauca
581 2122 635 2155 verba
645 2133 686 2166 quae
699 2134 721 2155 ex
748 2158 750 2160 ,

47 2180 141 2214 Lactantio
151 2180 221 2225 colligit
231 2189 270 2214 toto
279 2181 325 2213 coelo
335 2179 400 2213 distare
410 2192 420 2213 a
434 2181 531 2224 prophetia
542 2181 616 2225 Sibylla:
630 2183 720 2216 Erithrere

46 2239 136 2282 adscripta
145 2250 180 2283 qua
189 2246 254 2273 auctor
263 2250 366 2282 anonymus
376 2239 431 2272 medii
438 2240 499 2273 saeculi
508 2240 552 2274 XIII
561 2241 720 2275 vehementissime

45 2297 64 2329 in
74 2298 188 2331 Fridericum
197 2299 214 2331 lI
224 2297 354 2341 imperatorem
364 2298 440 2332 invehit.

67 2357 96 2399 (z)
109 2356 170 2397 Ehrle,
181 2357 193 2391 l.
204 2368 219 2390 c.

66 2416 95 2458 (3)
107 2415 153 2449 lbid.
165 2417 184 2449 P.
196 2417 228 2458 289
238 2427 277 2460 sqq.
288 2416 395 2460 Composita
403 2416 438 2450 fuit
447 2417 495 2450 circa
507 2417 556 2451 1323.
