1616 2703
270 118 354 147 nnronun
365 116 485 147 nrnrnrtrun
676 119 714 160 255

71 193 319 247 19.Johannesidei³a1ude
329 192 360 244 (1)
420 205 454 232 20.
483 195 614 246 Raymnndus
640 196 717 245 Baque-

40 264 162 304 Lumbardus
180 264 259 302 natione
273 264 293 302 in
306 275 360 302 sacra
393 263 415 302 rii
439 264 517 303 natione
541 266 605 314 gallus
634 266 714 315 provin-

40 334 112 385 pagina
123 333 319 383 professorinsignis,
331 333 361 371 in·
393 333 427 371 ciae
438 333 580 379 Narbonensis,
599 335 667 373 doctor
687 347 717 373 ce-

40 404 99 454 genio
124 403 203 442 subtilis
226 408 245 440 et
268 414 360 441 sermone
393 403 516 449 leberrimus,
532 409 642 443 conventus
655 405 715 443 Biter-

40 472 176 516 scholasticus,
201 484 236 522 per
258 473 360 511 Urbanum
394 471 533 525 rensis(qnem
546 474 626 524 quidam
638 475 714 513 Vache-

40 544 143 593 praefatum
159 542 246 581 Michaeii
256 543 361 581 substitui·
393 542 444 580 rium
456 543 564 595 appeilam)
581 543 658 582 cedenti
670 544 715 582 Ber-

40 618 72 652 tur
88 612 172 652 vicarius
187 613 211 652 A.
225 613 248 652 D.
265 611 322 664 1386.
338 613 360 651 Et
394 613 455 650 nardo
472 618 588 662 surrogatus
600 614 636 651 suit
653 614 678 652 A.
689 615 712 652 D.

40 684 113 721 electus
124 683 161 721 fuit
172 683 272 721 Generalis
292 683 360 721 Brixiae
396 685 445 732 1384
457 683 477 720 in
487 667 585 726 Avinione
596 695 631 732 per
651 684 714 722 ranto-

39 753 59 791 in
80 752 165 802 capitulo
184 754 270 801 generali
290 754 315 791 A.
334 740 358 792 D.
393 764 423 791 res
431 753 546 794 Clementis.
556 753 714 792 Praesidebatau-

43 824 98 874 1387,
112 827 131 861 et
144 822 193 861 rexit
212 822 269 861 annis
291 824 357 863 decem
391 828 432 861 tem
442 824 486 861 loco
495 823 602 861 Clementis
611 823 712 870 iohannes

39 897 58 931 et
69 897 153 942 septem.
175 892 287 941 Capitulum
300 905 360 943 gene·
393 893 501 931 Cardinalis
516 893 536 931 S.
552 894 637 932 Marcelli
649 899 714 943 prote-

39 963 77 1001 raie
85 962 229 1001 Franckiordiae
237 964 308 1002 tenuit.
320 964 361 1002 An·
392 971 434 1002 ctor
441 963 521 1002 Ordinis
528 968 548 1001 et
554 963 660 1013 episcopus
666 963 714 1003 Tirs-

38 1032 97 1082 giiam
110 1033 195 1071 visitavit
214 1044 270 1084 1392,
285 1034 360 1083 capitu·
392 1035 481 1079 culmus,
502 1033 643 1072 Ambianensis
662 1045 715 1073 nun·

39 1104 80 1141 lum
93 1108 163 1141 tenens
175 1103 195 1140 in
210 1103 229 1142 S.
252 1103 357 1153 Botquho.
392 1110 483 1154 capatus.
507 1104 638 1154 Raymundus
664 1105 713 1143 rexit

39 1173 150 1211 Walternm
173 1173 236 1223 Dysse
264 1174 357 1213 vicarium
392 1175 487 1212 Ordinem
497 1173 646 1222 annisquatuor
657 1186 713 1212 men-

37 1242 83 1281 fecit
95 1242 113 1280 in
122 1242 200 1292 Anglia.
217 1243 270 1281 Obiit
276 1244 357 1283 tandem
393 1244 449 1283 sibus
461 1248 546 1292 quatuor
557 1248 576 1281 et
596 1243 665 1282 diebus
680 1245 714 1282 de-

38 1312 142 1350 Mediolani
153 1314 176 1351 A.
188 1313 211 1351 D.
226 1324 282 1361 1404.
393 1326 445 1352 cem.
462 1313 516 1351 Obiit
536 1313 560 1351 Α.
581 1313 604 1351 D.
626 1314 676 1363 ¹388
694 1313 714 1352 in

37 1382 151 1431 Perpiniano
171 1394 195 1432 27
208 1383 238 1421 die
258 1382 379 1433 Septembris
392 1384 489 1434 sepultus.
505 1384 599 1421 Praerarus
610 1382 713 1433 Raymnn-

37 1451 74 1489 dus
86 1438 193 1490 Vacherius
214 1453 292 1501 scripsit
310 1459 378 1492 contra
391 1453 490 1502 quendam
510 1457 628 1501 apostatam,
642 1452 710 1502 incipit

38 1521 86 1558 Crini
98 1521 174 1559 aritiens
193 1533 269 1560 rimaran
286 1525 313 1560 ari
322 1526 410 1561 aratrum
426 1533 458 1560 nc.
471 1522 518 1559 item
536 1522 641 1560 celebravit
660 1523 712 1572 capi-

36 1590 100 1628 tulum
113 1591 203 1639 generale
216 1592 240 1630 Α,
254 1591 277 1629 D.
292 1594 340 1643 1387
351 1593 370 1630 in
383 1592 452 1630 Castro
462 1578 517 1630 novo
530 1591 554 1628 de
566 1590 623 1629 Arrio
633 1591 652 1629 in
666 1603 710 1640 pro-

37 1658 98 1697 vincia
106 1659 198 1699 Tholosae
210 1661 230 1698 in
240 1672 294 1699 sacro
307 1662 337 1699 die
349 1662 483 1700 Pentecostes.

63 1740 95 1768 22.
106 1727 152 1781 (sic)
160 1730 282 1768 Matheusde
294 1732 358 1769 Bono·
419 1742 451 1769 21.
467 1729 512 1781 (sic)
522 1729 621 1777 iohannes
643 1730 714 1768 Grossi

38 1798 76 1847 nia,
86 1799 144 1838 itains
156 1811 237 1849 genere,
256 1800 325 1839 doctor
336 1801 356 1839 in
391 1800 453 1849 patria
464 1799 591 1837 Tlrolosanus
600 1804 713 1838 conventus

34 1878 90 1917 sacra
112 1869 183 1918 pagina
206 1869 355 1916 meritissimus,
390 1869 541 1919 Appamiarum.
559 1880 619 1906 sacrae
635 1868 714 1918 paginae

36 1936 167 1986 philosophus
179 1943 198 1976 et
206 1939 314 1988 theologus
326 1950 357 1976 ce·
390 1939 459 1976 doctor
471 1938 546 1987 ubique
563 1937 679 1982 ceiebratus,
693 1939 713 1976 in

36 2005 158 2052 ieberrimus,
175 2007 257 2054 Jolranni
280 2009 304 2046 de
324 2009 357 2046 Pa·
390 2008 476 2057 capitulo
488 2007 635 2056 Perpinianensi
650 2008 674 2045 A.
687 2008 711 2046 D.

35 2075 80 2113 lude
92 2076 133 2114 sive
142 2077 166 2114 de
175 2077 253 2115 Rachde
263 2077 356 2115 defuncto
394 2079 442 2128 1389
455 2077 475 2114 in
498 2076 603 2116 Nativitate
626 2076 714 2125 Virginis

35 2145 129 2184 suffectus
140 2146 253 2195 incapitulo
262 2143 357 2185 Bononiae
389 2146 508 2197 Raymundo
540 2146 635 2184 Vacherio
665 2151 713 2184 tunc

35 2212 59 2251 Α.
72 2215 95 2253 D.
112 2225 161 2265 1405
180 2216 229 2254 rexit
248 2215 305 2254 annis
317 2216 357 2254 fere
390 2220 454 2254 morte
467 2215 532 2265 sopito
553 2215 656 2254 successit.
678 2215 713 2254 Hic

36 2292 70 2320 sex
84 2284 124 2322 sub
149 2285 222 2323 Urbani
242 2296 356 2324 successore
390 2285 439 2324 rexit
450 2284 508 2323 annis
519 2284 590 2334 viginti
602 2284 682 2324 duobus
694 2290 713 2331 et

597 2369 618 2389 :.
659 2376 681 2401 ‚r

56 2415 83 2458 (1)
92 2413 142 2449 Alias
154 2416 176 2450 de
189 2416 258 2451 Raude.
