1631 2703
256 118 360 148 tenenat.
376 120 395 148 u.
414 119 470 160 1345.
662 120 696 159 ¹45

58 190 106 229 Item
118 186 233 230 ordinamus
244 197 271 232 ut.
280 193 299 231 in
312 194 398 243 qualibet
410 192 534 232 conventuali
547 192 609 230 missa·
621 204 655 242 per
670 205 700 232 or·

30 259 95 297 dinem
110 261 164 299 omni
178 262 208 299 die
222 262 296 300 dicatur
307 264 387 300 collecta
401 264 454 301 Deus
465 264 548 301 omnium
561 262 597 300 &c
611 274 646 311 pro
657 264 699 301 -Do-

30 327 83 366 mino
96 340 175 368 summo
188 330 285 379 pontifice,
297 336 315 369 et
324 331 339 369 si
348 343 385 369 unzi
395 332 473 369 collecta
483 331 539 369 luerit
556 331 642 369 dicendas
654 343 698 380 pro-

31 402 73 446 pter
84 399 157 437 testum
174 404 193 437 et
208 399 353 438 solemnitatem
365 405 413 439 tunc
430 401 494 438 ambae
508 400 593 438 collectae
608 400 698 439 saburro

31 467 68 504 Per
76 467 178 506 Dominum
190 468 369 507 concludamur·
529 468 530 471 ’
603 503 606 512 ,

41 568 43 572 ,
57 536 79 573 Et
91 547 128 574 nos
139 537 203 575 Frater
211 537 277 574 Petrus
291 537 403 586 Raymundi
413 537 464 586 prior
471 524 567 586 generalis
576 538 657 579 fratrum
668 550 698 578 or-

31 604 82 642 dinis
92 605 151 644 beatae
163 605 227 644 Mariae
239 605 262 643 de
275 606 341 643 Monte
356 605 438 646 Carmeli
451 606 470 644 in
485 607 544 644 robur
555 611 574 643 et
586 606 697 647 firmitatem

30 673 194 712 constitutionum
209 674 344 722 praedictarum
362 674 519 723 sigillumnostri
531 677 654 723 generalatus
670 677 699 713 ol-

32 741 68 782 ficii
78 743 207 791 praesentibus
215 742 309 781 duximus
317 744 465 792 apponendum.

38 1044 40 1046 ·
71 1017 106 1057 HAE
119 1018 349 1057 suurcousmunonrs
360 1029 420 1057 enirn
435 1029 451 1056 ru
463 1028 553 1057 carnum
565 1028 667 1057 densitati,

76 1110 78 1116 .
98 1088 204 1126 Minoum
215 1097 323 1125 CELEBRATO
334 1088 390 1126 Auno
399 1088 467 1125 boum
476 1086 639 1137 ncccxlvrr).
674 1101 677 1105 ’

41 1240 44 1259 ;
58 1219 77 1257 ln
90 1219 152 1268 prima
164 1219 240 1258 rubrica
249 1219 359 1258 ubidicitur
370 1219 401 1271 (2)
413 1220 466 1268 quod
479 1221 546 1258 nullus
559 1218 611 1267 prior
619 1219 698 1264 vendat,
740 1244 743 1249 -

31 1288 101 1326 alienet
112 1298 148 1327 seu
159 1293 269 1327 commutet
280 1300 351 1327 census
363 1299 447 1333 annuos,
463 1289 483 1326 in
501 1289 541 1326 sine
553 1287 699 1332 constitutionis

31 1357 119 1402 addatur,
133 1357 185 1406 quod
194 1357 299 1407 prioribus,
312 1357 395 1402 vicanis,
409 1358 495 1400 clavariis
507 1362 641 1400 conventuum
652 1368 701 1405 prae-

27 1425 115 1475 ‘cipimus
127 1426 146 1464 in
156 1426 227 1465 virtute
235 1432 306 1464 sanciae
319 1426 434 1464 obedientiae
444 1433 463 1464 et
472 1427 510 1465 sub
517 1427 575 1476 poena
584 1426 614 1463 xl
623 1426 699 1463 dierum

31 1494 55 1532 ad
68 1500 144 1543 portam
156 1500 175 1534 et
187 1494 315 1543 depositionis
325 1495 349 1532 ab
361 1495 437 1540 officiis,
451 1502 473 1533 ut
484 1495 581 1538 clausulas
595 1500 702 1532 testamen-

30 1568 106 1611 torum,
116 1563 246 1602 instrumenta
260 1575 325 1602 rerum
335 1564 452 1605 donatarum
465 1565 495 1601 vel
513 1566 620 1612 legatarum
633 1575 701 1611 perpe-

31 1635 66 1670 tuo
73 1633 106 1672 ,vel
120 1632 143 1670 ad
156 1633 221 1681 plures
235 1643 297 1670 annos
310 1633 437 1683 subpublica
452 1634 514 1670 forma
527 1632 602 1674 redacta
617 1633 701 1670 habeant

32 1712 78 1739 cum
90 1700 227 1739 instrumentis
238 1701 269 1738 vel
288 1701 312 1738 de
325 1701 417 1739 manibus
435 1701 563 1750 publicorum.
572 1701 699 1741 notariorum

33 1770 63 1810 vel
74 1770 180 1809 ,extrahant
191 1774 210 1807 et
221 1769 285 1809 habita
305 1769 325 1807 in
345 1771 402 1811 archa
421 1770 523 1813 communi
543 1768 603 1812 trium
616 1770 699 1815 clavium

32 1842 141 1877 conventus
150 1842 245 1887 reponant
256 1843 275 1882 et
283 1838 337 1886 quod
346 1838 390 1876 talia
399 1838 427 1876 sic
438 1839 508 1876 donati
519 1839 549 1875 vel
561 1839 623 1887 legata
632 1850 700 1888 perpe-

31 1911 66 1945 tuo
78 1907 107 1944 vel
118 1907 143 1945 ad
154 1908 219 1956 plures
231 1917 294 1944 annos
303 1906 322 1944 in
334 1907 400 1956 aliquo
412 1918 472 1956 parvo
484 1908 533 1944 libro
544 1907 568 1943 de
580 1918 699 1955 pergameno

32 1975 57 2012 ad
68 1976 106 2013 boc
117 1975 468 2024 singulariterdeputatoinfallibiliter
477 1976 596 2013 inserantur:
656 1999 658 2001 -

33 2095 35 2097 Ι
59 2043 106 2081 ltem
115 2043 134 2081 in
147 2044 229 2082 Rubrica
239 2044 258 2081 lll
268 2044 291 2081 de
303 2043 369 2081 divino
379 2043 443 2081 officio
455 2044 537 2081 addatur
551 2044 607 2091 *quod
617 2044 699 2092 priores,

35 2112 148 2161 subpriores
162 2118 181 2150 et
192 2112 257 2151 vicarii
269 2112 489 2160 conventuum-ordinis
505 2111 542 2158 sub
555 2122 613 2160 poena
625 2112 702 2161 deposi-

43 2267 46 2290 1
55 2274 77 2314 lt)
87 2272 173 2313 Quamvis
182 2272 201 2304 in
213 2270 262 2304 textu
272 2282 309 2304 non
321 2271 433 2314 exprimatur
441 2272 476 2304 hoc
486 2271 585 2314 capitulum
595 2271 623 2304 die
637 2273 702 2305 Pente-

33 2319 102 2372 costen
111 2330 129 2363 id
136 2338 163 2364 est
175 2320 196 2363 15‘
205 2329 341 2372 Majibabitum
351 2337 383 2363 est.
392 2359 393 2362 ,

60 2387 82 2430 (α)
92 2379 149 2421 nuu'.
159 2388 182 2431 11,
192 2378 210 2420 η’.
218 2386 235 2420 a.
