1631 2703
330 40 494 123 *russata

246 543 517 623 MONlTUM

76 848 157 896 Codex
184 849 357 910 manuscriptus
386 848 470 895 Musaei
494 848 628 904 Britannici,
656 847 717 895 Add.

44 931 129 991 16372,
142 928 273 991 pertinebat
289 927 346 976 olim
360 928 387 976 ad
400 929 512 976 scrinium
523 928 649 991 provincia
660 927 719 975 Ale-

42 1009 145 1056 manniae
159 1007 284 1065 Inferioris,
298 1008 361 1055 unde
374 1024 428 1056 cum
444 1007 551 1070 plurimis
572 1007 621 1055 aliis
634 1009 659 1055 in
672 1025 718 1070 pu-

42 1088 108 1135 blicis
120 1088 233 1136 nundinis
245 1105 308 1136 neno
318 1090 409 1151 positus
420 1088 514 1136 laudato
533 1088 625 1136 Musaeo
637 1089 718 1135 incor-

43 1179 137 1230 poratus
151 1179 192 1215 est
206 1168 306 1216 Constat
318 1169 464 1230 pergamenis
477 1167 539 1215 foliis
552 1184 604 1230 quae
616 1168 639 1215 iu
648 1176 719 1215 octavo

44 1245 147 1309 (mm23
155 1261 164 1308 5
181 1257 202 1298 ><
218 1247 275 1311 150)
289 1249 405 1304 dicuntur,
419 1248 544 1309 sexaginta,
558 1264 660 1310 quorum
670 1249 718 1310 pri-

44 1343 119 1384 mum,
146 1327 226 1374 ceteris
239 1327 266 1374 ab
283 1328 367 1389 injuria
378 1328 491 1389 ternporis
508 1328 608 1384 intactis,
627 1327 657 1374 ob
672 1322 731 1374 ire-ยน

44 1418 155 1469 quentem
173 1423 244 1454 usum
263 1424 321 1469 pene
337 1406 447 1468 illegibile
459 1408 538 1454 evasit.
551 1406 646 1454 Folium
663 1412 718 1454 vero

44 1487 107 1550 quod
120 1501 220 1539 numero
233 1486 411 1550 quadragesimo
425 1487 536 1549 signatur,
547 1503 666 1549 perperam
676 1502 719 1534 co-

43 1566 87 1614 dici
99 1568 214 1614 insertum
232 1578 273 1624 est,
287 1583 341 1613 cum
353 1568 540 1614 instrumentum
549 1567 579 1613 sit
589 1583 637 1628 quo
644 1566 718 1625 loan-

44 1662 85 1693 nes
95 1644 196 1695 Roelant
207 1644 257 1712 filio
270 1662 314 1693 suo
324 1647 410 1705 loanni
426 1646 558 1693 Carmelitae
573 1663 585 1693 e
599 1657 718 1693 conventu

44 1726 146 1772 Durensi
163 1725 267 1772 redditus
288 1724 379 1788 aliquos
392 1725 436 1773 sibi
452 1725 610 1788 aparentibus
626 1724 718 1773 relictos

42 1804 105 1865 legat
121 1810 190 1866 atque
198 1806 337 1867 transponit.
353 1806 411 1860 Quo
424 1806 483 1853 sicut
498 1817 520 1853 et
528 1806 605 1867 paucis
613 1805 663 1853 aliis
675 1822 719 1853 suo

44 1884 97 1932 loco
109 1884 239 1932 indicandis
252 1885 337 1932 idcirco
363 1886 454 1933 omisso
472 1897 546 1933 cetera
563 1886 645 1933 omnia
664 1886 720 1933 duni

45 1963 130 2025 publici
140 1965 196 2026 juris
205 1980 255 2012 esse
264 1965 360 2012 tandem
370 1964 480 2013 facienda.

76 2044 165 2099 Mirum
186 2045 249 2091 enim
270 2045 334 2107 quod
353 2061 429 2108 neque
451 2046 675 2108 loannes-baptista
692 2045 720 2093 de

45 2123 134 2171 Lezana
155 2125 195 2186 qui
218 2124 304 2171 saeculo
322 2125 388 2188 XVll
406 2125 510 2173 Annales
531 2126 629 2173 Ordinis
645 2126 721 2172 nostri

44 2204 189 2266 conscripsit,
203 2220 279 2266 neque
291 2203 329 2251 alii
342 2205 382 2266 qui
394 2204 422 2251 de
433 2205 539 2266 ejusdem
552 2204 649 2253 historia
664 2217 721 2253 trac-

43 2293 128 2339 tarunt,
148 2284 254 2345 antiquas
266 2282 317 2331 illas
335 2285 518 2332 constitutiones
537 2285 574 2332 vel
588 2287 658 2333 etiam
671 2297 721 2332 act-a

45 2360 200 2423 capitulorum
211 2363 355 2423 generalium
366 2364 482 2412 noverint.
