1616 2703
282 137 306 165 DE
318 136 407 166 ORACULO
420 137 513 167 ANGELICO
696 138 734 178 303

60 213 90 251 nis
102 211 288 250 Coeremitaenostrl
298 212 401 261 quondam
409 224 508 251 sacrarum
522 213 629 251 missarum
640 212 737 251 solemnia

58 282 194 320 inchoasset»
206 280 303 320 visionem
316 282 369 320 illam
379 281 488 331 angelicam
501 282 602 321 habuisse.
615 280 646 333 (1)
655 281 675 319 S.
686 281 737 319 lllla-

58 351 100 390 tion
113 362 136 388 ex
147 351 234 389 Tabatha
246 362 308 401 prope
320 352 392 391 Gazam
401 352 499 390 oriundus
515 362 569 390 anno
581 362 618 403 371
634 350 735 401 octoginta

57 431 122 458 annos
134 425 191 459 natus
203 420 258 466 obiit,
269 420 300 459 cui
309 421 393 472 Cyrillus
405 420 598 471 Hierosolymitanus
608 432 643 470 per
653 420 736 469 quinde-

58 489 96 528 cim
108 500 173 528 annos
184 489 301 539 supervixit.

83 558 168 604 Qtando
178 563 197 596 et
208 559 312 608 quomodo
325 559 431 597 Oraculum
444 558 565 608 Angelicum
575 558 685 597 carmelitis
696 559 735 607 prl-

57 639 91 665 mo
100 627 209 666 innotuerit
217 627 295 665 difficile
306 632 337 666 est
348 629 408 666 dictu.
421 629 496 666 Forsan
507 639 559 665 anno
573 630 621 678 1318
631 639 677 665 cum
689 628 734 666 Fra-

56 700 85 734 ter
94 696 158 735 Guido
167 697 191 735 de
197 697 318 746 Perpinlano,
332 697 438 743 Generalis,
447 709 492 736 cum
499 697 580 735 Simone
589 696 732 746 Wichingham

55 765 123 804 itidem
135 766 239 804 Carmellta
251 771 270 804 et
287 767 377 816 pluribus
391 767 475 805 aliorum
488 767 586 804 Ordinum
599 766 618 804 in
631 778 647 804 s.
659 767 734 805 theolo-

55 835 88 884 gia
99 835 200 884 magistris
211 836 288 874 Parisiis
300 836 387 875 accersiti
398 837 481 874 suerunt
486 837 511 874 ad
518 836 670 874 examinandam
678 837 733 874 Post·

54 904 108 941 illam
119 905 273 953 PettiJohannis
293 906 345 943 Ollvi
360 916 420 955 super
439 905 588 955 Apocalypsim,
611 905 731 943 condemna-

54 978 141 1022 runtque
153 974 255 1024 sexaginta
267 968 414 1024 propositiones
425 961 471 1013 inde
483 979 592 1024 excerptas.
604 975 665 1013 Paulo
686 979 732 1024 post

54 1042 106 1081 idem
126 1043 190 1081 Guido
209 1044 273 1082 adhuc
290 1044 342 1083 aliud
358 1055 417 1093 opus,
438 1055 510 1093 nempe
530 1044 603 1082 librum
624 1043 731 1082 catalonice

54 1112 150 1161 scriptum
163 1114 282 1152 [aestatibus
295 1114 376 1152 ecclesiae
390 1115 492 1152 secundum
509 1113 645 1161 expositionem
656 1113 732 1161 Apoca-

53 1183 124 1230 lypseos
135 1182 253 1232 perquisivit
261 1181 299 1235 (2).
313 1183 349 1222 Vix
361 1184 403 1222 steri
410 1183 475 1232 potuit
487 1187 509 1221 ut
520 1193 554 1221 eos
567 1181 680 1232 principalia
690 1182 731 1231 Spi-

53 1250 152 1290 ritualium
164 1263 223 1302 opera
232 1252 367 1292 examinantes
379 1253 488 1292 Oraculum
497 1252 612 1302 angelicum
624 1253 728 1301 effugeret.

73 1425 132 1466 (t)>L.
148 1435 165 1459 c.
183 1426 202 1458 P.
215 1436 241 1467 14·
256 1427 363 1459 Notandum
372 1426 439 1459 festum
457 1426 475 1459 S.
491 1424 594 1459 Hilarionis
612 1435 649 1458 non
665 1425 729 1458 haberi

51 1482 70 1516 in
79 1483 115 1516 ritu
126 1484 144 1517 S.
161 1484 264 1527 Sepulchri,
274 1485 293 1517 in
305 1485 428 1518 Carmelitano
441 1495 484 1518 vero
497 1492 568 1518 tentum
581 1484 604 1517 ab
614 1494 663 1517 anno
675 1494 725 1526 1490.

52 1542 71 1576 Si
80 1541 120 1586 quis
127 1542 195 1576 diceret
201 1543 290 1587 Cyrillum
300 1552 363 1588 utpote
369 1555 449 1587 graecum
459 1543 525 1577 festum
534 1542 636 1576 Hilarionis
643 1543 729 1577 solemni-

51 1601 237 1645 sassequamvisapud
245 1602 320 1635 Latinos
326 1601 345 1635 in
353 1602 416 1635 Monte
424 1601 509 1636 Carmelo
519 1601 607 1634 celebrari
615 1612 652 1634 non
662 1611 728 1634 consu-

50 1658 219 1702 everit,respondeo
226 1671 286 1704 neque
292 1660 312 1694 in
320 1661 374 1694 missa
381 1672 440 1705 graeca
446 1661 499 1694 illum
505 1661 567 1694 locum
574 1659 649 1693 canonis
658 1672 665 1689 a
674 1660 727 1692 Hanc

50 1706 124 1761 igitur»
145 1729 182 1762 quo
197 1720 272 1763 angelus
287 1720 394 1764 apparuisse
414 1720 481 1753 dicitur
498 1718 583 1760 inveniri,
600 1719 649 1752 unde
662 1718 690 1751 vel
708 1717 728 1751 in

50 1777 87 1809 uno
96 1777 155 1822 velin
165 1778 223 1812 altero
231 1787 296 1813 auctor
310 1779 382 1813 erravit.
392 1779 487 1813 lohannes
497 1778 561 1813 Grossi
572 1788 616 1812 vero
625 1777 728 1821 deprehen-

50 1835 93 1868 dens
102 1835 230 1870 confusionem
242 1838 290 1871 inter
299 1838 358 1872 varios
366 1837 445 1882 Cyrillos
456 1848 525 1871 novum
537 1837 637 1881 quemdam
648 1847 727 1879 eumque

49 1892 151 1928 inauditum
164 1895 278 1930 Hilariortem
289 1896 369 1931 invenit:
381 1898 415 1931 «S.
426 1896 512 1930 Hilarion
522 1904 597 1939 martyr,
608 1894 726 1939 provincialis

49 1953 149 1995 provinciae
160 1956 223 1989 Terrae
242 1957 321 1998 Sanctae,
337 1957 389 2001 cujus
402 1967 469 2000 corpus
484 1955 503 1989 in
516 1966 573 2000 regno
587 1955 643 1999 Cypri
652 1955 671 1988 in
681 1965 727 1999 quo-

48 2011 88 2044 dam
101 2022 160 2047 castro
173 2025 206 2047 seu
216 2014 284 2058 oppido
296 2015 346 2058 quod
358 2026 367 2048 a
379 2015 397 2048 S.
411 2015 509 2048 Hilarione
521 2014 596 2048 nomine
605 2024 639 2047 sno
651 2014 725 2058 gaudet,

48 2068 67 2102 in
80 2072 143 2105 tumba
154 2073 232 2106 solemni
244 2073 321 2118 quiescit
339 2075 372 2107 sub
385 2074 469 2107 custodia
487 2073 535 2118 regis
548 2073 605 2118 Cypri
623 2073 655 2116 qui
667 2072 726 2116 ipsius

47 2129 115 2163 tumbae
124 2131 182 2165 claves
189 2131 267 2166 fideliter
276 2132 357 2176 possidet
366 2140 383 2165 et
388 2132 468 2166 custodit
475 2145 482 2163 r
490 2132 580 2176 (Viridar.
589 2131 608 2164 in
616 2131 669 2174 Spec.
679 2131 724 2164 Car-

47 2187 89 2220 mel.
100 2190 114 2229 l,
127 2189 164 2229 138,
173 2201 191 2224 n.
205 2192 251 2235 595).
260 2192 284 2225 At
294 2192 312 2225 S.
323 2191 408 2225 Hilarion
419 2191 437 2224 in
451 2192 511 2235 Cypro
520 2191 602 2235 sepultus
610 2200 648 2223 nott
656 2197 683 2223 est
692 2189 724 2223 ille

46 2243 122 2280 fictitius
133 2248 217 2283 Hilarion
229 2250 340 2284 c0·eremita
350 2249 415 2294 Cyrilli
428 2236 554 2291 Carmelitani,
565 2250 597 2283 sed
606 2249 663 2282 abbas
675 2248 725 2281 anti-

46 2313 98 2346 quus.
108 2306 211 2341 iohannem
224 2309 287 2343 Grossi
295 2317 358 2343 tamen
369 2316 473 2354 sequuntur
484 2308 603 2348 recentiores,
614 2319 630 2342 e.
637 2319 655 2352 g.
666 2308 724 2340 Leza·

45 2372 68 2397 na
75 2365 115 2407 (IV,
126 2366 174 2410 363).

68 2423 91 2466 (2)
104 2424 183 2471 Denifle,
194 2427 323 2472 Cartularium,
334 2429 357 2472 Il,
368 2429 408 2473 239·
