1631 2703
102 102 128 142 70
359 101 523 132 constitutiones

101 183 131 217 ret
143 178 267 228 generalatus
284 177 379 225 officium,
396 178 451 229 quod
463 181 543 228 propter
555 177 695 216 discretionem
716 178 774 216 etiam

101 248 198 298 temporis
210 248 259 286 intra
271 259 346 286 annum
361 248 435 287 dictum
451 248 559 297 capitulum
572 248 713 286 convenienter
729 248 778 284 cele-

102 317 154 355 brari
171 329 212 356 non
224 321 299 367 posset,
317 321 366 355 tunc
381 317 434 355 enirn
446 317 471 354 de
484 317 584 355 bonorum
599 317 682 354 fratrum
695 316 778 354 consilio

103 391 163 436 prout
177 386 267 437 expedire
279 386 377 426 videbitur
388 386 446 424 etiarn
459 388 509 425 ultra
523 397 599 424 annum
611 387 635 424 ad
647 391 686 424 tres
699 397 778 424 menses

103 457 135 494 vel
149 461 234 505 quatuor
245 460 325 504 tempus
336 455 399 505 ipsius
414 455 511 504 generalis
523 454 601 504 capituli
613 455 685 504 poterit
696 456 780 505 prolon-

105 526 155 576 gari.

135 605 165 633 ra.
181 594 200 632 Si
212 598 278 632 autem
288 593 319 632 illa
333 599 381 633 tunc
391 594 482 644 praedicta
494 594 594 644 provincia
606 594 690 643 priorem
703 593 780 643 provin-

105 664 173 702 cialem
185 664 217 702 vel
233 662 327 701 vicarium
340 664 367 702 sic
383 665 467 702 electum
479 662 539 714 (non)
551 664 648 706 habuerit,
665 663 718 712 prior
730 663 781 700 loca-

106 733 129 771 lis
144 733 175 770 vel
191 732 278 771 vicarius
295 733 369 771 electus
385 732 438 771 illius
451 737 565 771 conventusv
579 732 599 770 in
613 744 653 782 quo
667 732 780 782 proximum

106 802 225 852 provinciale
242 802 349 851 capitulum
369 803 425 840 dictae
447 802 555 851 provinciae
570 804 633 840 iuerat
649 802 780 851 assignatum,

78 887 82 895 ·
106 872 137 910 vel
149 870 224 908 habens
234 870 318 919 primam
327 881 397 909 vocem
409 871 492 909 indicto
509 876 608 909 conventu
626 870 642 910 si
654 870 739 920 priorem
752 869 783 908 vel

108 939 201 979 vicarium
214 950 254 977 non
267 940 363 984 habuerit,
383 940 501 988 provinciale
512 941 620 989 capitulum
633 940 703 978 habeat
714 940 783 977 citissi-

108 1022 141 1047 me
152 1020 269 1047 convocare.
282 1010 301 1046 ln
318 1021 358 1057 quo
370 1010 395 1046 ad
407 1009 524 1047 electionem
538 1009 669 1047 diffinitorum
682 1015 701 1047 et
713 1009 783 1058 prioris

109 1077 233 1128 provincialis
245 1079 276 1116 vel
293 1078 358 1116 vicarii
373 1078 497 1127 provincialis
514 1079 534 1116 in
551 1078 585 1117 Dei
598 1079 679 1117 nomine
691 1078 784 1128 proceda-

108 1153 148 1192 tur,
166 1151 225 1196 prout
242 1147 262 1184 in
279 1147 364 1185 Rubrica
383 1148 407 1185 de
424 1148 509 1197 capitulo
529 1148 644 1197 provinciali
661 1149 784 1197 paragrapho

110 1219 187 1256 Mortuo
195 1217 261 1265 priore
275 1217 392 1265 provinciali
408 1218 484 1266 plenius
499 1218 638 1256 continebitur.
656 1219 677 1255 Et
692 1218 733 1267 ipse
750 1216 783 1265 qui

109 1287 167 1325 fuerit
178 1287 252 1325 electus
261 1291 280 1325 et
288 1287 419 1325 confirmatus
431 1287 451 1324 in
464 1287 550 1336 priorem
562 1287 701 1336 provincialem
714 1288 744 1323 vel
755 1287 784 1324 vi-

109 1357 182 1394 carium
196 1356 253 1394 dictae
265 1356 378 1405 provinciae,
398 1357 442 1405 ipso
457 1357 513 1394 facto
523 1362 546 1395 ut
561 1357 686 1406 praemissum
704 1361 741 1401 est,
759 1356 785 1394 sit

109 1426 171 1464 totius
188 1425 264 1464 ordinis
281 1425 369 1464 Vicarius
381 1426 486 1475 generalis,
503 1431 523 1463 et
540 1431 647 1474 antequam
668 1426 784 1474 praedictum

110 1494 228 1544 provinciale
238 1495 345 1544 capitulum
355 1495 478 1540 terminetur,
490 1494 587 1544 eligantur
599 1494 646 1533 socii
662 1500 681 1532 et
693 1494 786 1533 diffinito-

110 1576 140 1603 res
155 1575 191 1613 pro
205 1564 291 1613 capitulo
305 1564 390 1613 generali
402 1569 421 1602 et
437 1576 472 1613 per
483 1564 577 1602 vicarium
590 1564 706 1613 praedictum
725 1568 786 1613 gene-

110 1635 149 1671 rale
160 1634 267 1682 capitulum
278 1638 299 1671 ut
313 1644 372 1682 supra
387 1634 462 1671 dictum
477 1639 507 1672 est
520 1638 647 1671 convocetur.
664 1644 693 1684 13·
707 1633 726 1670 Si
738 1644 785 1671 vero

110 1703 141 1741 ille
155 1703 238 1741 vicarius
247 1707 339 1741 mortuus
351 1703 410 1741 fuerit
421 1703 452 1740 vel
462 1708 578 1752 assumptus
588 1714 623 1741 seu
635 1703 659 1740 ab
669 1703 785 1740 executione

111 1773 142 1811 sui
154 1773 212 1810 officii
229 1772 317 1821 legitime
329 1772 443 1820 impeditus,
461 1773 514 1821 prior
528 1772 594 1810 localis
609 1773 639 1809 vel
657 1771 739 1809 vicarius
752 1782 785 1820 per

111 1846 233 1880 conventum
245 1842 318 1879 electus
330 1842 350 1879 in
362 1842 419 1890 cujus
431 1841 492 1879 domo
504 1841 611 1890 capitulum
625 1833 716 1890 generale
727 1841 786 1878 debet

111 1911 203 1949 celebrari
218 1911 332 1959 praedictam
345 1911 415 1948 habeat
428 1911 479 1957 (Pol.
493 1911 552 1956 aab)
573 1910 708 1948 auctoritatem
721 1921 786 1958 usque

111 1981 135 2019 ad
148 1980 256 2029 capitulum
272 1984 425 2029 congregatum,
444 1984 463 2017 et
479 1990 502 2017 ex
514 1984 562 2017 tunc
578 1979 643 2017 senior
660 1979 786 2027 provincialis

112 2050 222 2090 secundum
237 2050 326 2088 ordinem
339 2049 485 2099 provinciarum
504 2049 607 2098 praesideat
624 2059 688 2097 usque
703 2049 727 2086 ad
737 2049 787 2087 elec-

111 2120 185 2157 tionem
194 2120 264 2156 iactam
274 2118 343 2168 prioris
352 2118 449 2168 generalis
457 2123 476 2155 et
483 2118 569 2156 eundem
579 2118 649 2156 habeat
661 2118 785 2155 confirmare.

115 2200 145 2238 14.
158 2188 249 2227 Dlstricte
262 2192 328 2226 autem
344 2188 457 2227 inhibemus
470 2200 495 2226 ne
510 2187 594 2226 vicarius
607 2187 677 2237 prioris
689 2188 786 2237 generalis

113 2258 186 2296 mortui
199 2258 228 2295 vel
238 2258 335 2306 assumpti
348 2257 419 2306 aliquid
432 2257 488 2295 iaciat
499 2257 547 2298 dum
560 2257 651 2306 praesidet
663 2256 717 2304 quod
731 2257 787 2293 cedat

113 2327 132 2365 in
150 2326 285 2377 praeiudicium
300 2328 330 2365 vel
348 2327 489 2365 detrimentum
507 2326 616 2375 aliquarum
634 2324 784 2374 provinciarum.

113 2397 168 2438 Prior
178 2405 244 2436 autent
257 2397 381 2448 provincialis
392 2397 411 2436 in
428 2397 485 2447 cuius
503 2396 603 2446 provlncia
623 2395 676 2444 prior
691 2396 786 2445 generalis
