1631 2703
255 106 323 134 orum.
336 107 355 135 a.
367 107 385 135 o.
402 93 458 147 1362.
675 96 709 141 181

42 177 143 217 venientes
152 179 171 218 in
181 180 339 230 Qradragesima,
354 182 374 219 in
386 180 487 220 matutinis
497 181 560 230 prima
574 180 631 219 lectio
647 180 672 219 sit
687 180 711 218 de

42 240 146 297 Evangelio
157 249 213 293 teriae,
225 250 305 298 reliquae
314 251 358 288 duae
367 249 478 288 de'Octava.
488 250 528 287 Fiat
539 254 603 287 autem
615 249 710 288 memoria

43 328 120 365 semper
129 318 152 354 de
166 318 217 355 seria.
230 319 276 356 item
289 319 409 363 ordinamus,
424 318 476 367 quod
485 330 518 367 per
529 316 606 356 octavas
615 318 710 356 Omnium

43 385 165 430 Sanctorum,
184 392 262 435 excepta
276 387 373 426 dominica
387 388 443 430 infra,
460 392 478 425 et
490 387 520 424 die
532 383 617 431 Oetauae,
636 387 711 424 dicatur

44 453 128 492 officium
147 455 276 503 plurimorum
290 457 426 494 confessorum
441 456 461 493 in
477 454 579 493 matutinis
597 456 662 503 quoad
682 466 712 492 re-

45 524 147 571 sponsoria
160 522 396 575 secundum'tu1·bas(r),
409 513 522 573 antiphonae
530 534 577 562 vero
589 524 612 561 ad
622 524 712 573 Magniti-

43 596 73 628 eat
92 596 111 629 et
128 593 151 628 ad
169 592 284 630 Benedictus
302 597 321 630 et
337 593 362 630 ad
377 593 468 635 Primam,
489 589 675 636 Teriiam‚.Sexram
692 596 712 628 et

43 660 120 697 Nonam
130 671 134 707 ;
145 661 228 709 capitula
240 673 285 699 vero
298 666 316 698 et
328 661 425 699 orationes
435 660 522 698 dieantur
531 661 581 698 sicut
593 660 612 697 in
620 660 711 698 ‘die'iesti

43 728 140 777 signatur.
153 730 175 767 Et
185 729 238 777 quod
251 729 270 767 in
283 730 313 767 die
321 730 444 768 Mortuorum
454 729 487 767 siat
496 729 583 768 officium
596 729 620 766 de
632 728 712 768 Octavis

44 796 107 835 dictis.
298 788 300 790 V

70 867 115 903 Item
127 865 232 904 statuimus
244 867 298 915 quod
310 866 355 903 teria
367 867 385 904 lii
397 867 530 915 Rogationum
543 867 575 904 fiat
589 877 712 904 commemo-

44 934 91 972 ratio
106 934 168 972 beatae
179 934 244 972 Mariae
256 935 306 973 sieut
317 934 337 972 in
350 935 391 973 aliis
406 935 530 984 temporibus
541 933 572 985 (2)
586 935 627 972 fieri
639 946 711 973 eonsu-

44 1003 89 1040 evit.

69 1071 91 1108 Et
99 1071 218 1115 ordinamus,
230 1072 283 1119 quod
295 1072 314 1109 in
327 1072 415 1119 quolibet
424 1077 522 1110 conventu
534 1071 608 1109 ordinis
621 1072 640 1109 in
649 1071 712 1120 quali·

43 1141 75 1177 bet
87 1140 194 1188 septimana
207 1151 240 1187 per
248 1144 313 1177 totum
323 1151 397 1178 annum
415 1140 461 1178 teria
472 1140 557 1178 secunda
569 1144 615 1188 post
629 1140 710 1178 missam

44 1209 75 1245 nar
90 1208 189 1255 processio
198 1219 231 1255 per
248 1209 354 1246 claustrum
370 1214 389 1246 et
405 1208 521 1246 cimiterium
539 1220 574 1257 pro
588 1208 711 1246 absotutione

44 1278 124 1313 fratrum
135 1282 153 1313 et
164 1281 273 1314 ceterorum
283 1278 420 1314 defunctorum
430 1275 466 1327 (3),
478 1277 497 1314 in
507 1289 544 1326 qua
559 1281 662 1314 cantentur
676 1276 713 1314 Re-

43 1345 144 1393 sponsoria
157 1345 223 1382 Libera
234 1357 262 1382 rne
275 1345 362 1392 Domine,
373 1346 464 1383 Memento
476 1350 495 1382 et
508 1345 571 1393 aliqua
583 1345 626 1388 alin,
639 1356 712 1393 usque-

43 1424 82 1461 quo
95 1414 162 1450 fratres
172 1414 316 1462 pertransierint
328 1414 369 1451 loca
381 1414 437 1451 dieta.
448 1414 467 1450 In
480 1425 518 1462 qua
530 1409 654 1462 processione
663 1414 712 1451 fiant

43 1486 126 1529 quatuor
140 1482 233 1519 stationes
253 1487 272 1519 et
285 1486 369 1530 quatuor
386 1481 519 1519 absolutiones
537 1493 571 1531 per
590 1482 710 1519 sacerdotem

64 1616 86 1656 (ι)
93 1616 159 1647 Tarae
166 1624 207 1647 sunt
214 1616 317 1658 antiphonae
326 1624 343 1648 et
351 1616 465 1658 responsoria
474 1616 528 1648 unius
538 1616 623 1648 nocturni
630 1616 708 1658 assigna·

43 1676 59 1699 tn
70 1667 140 1700 rotatim
152 1669 205 1701 certis
214 1668 285 1709 diebus,
296 1669 306 1701 i.
317 1679 332 1700 e.
344 1668 392 1700 feriis
402 1680 411 1701 2
421 1677 438 1701 et
449 1669 457 1700 5
468 1669 572 1711 antiphonae
585 1676 602 1700 et
615 1678 710 1710 responso·

43 1719 129 1762 riaprinri
138 1720 293 1763 nocturni3ieriis
305 1721 314 1753 3
327 1722 363 1754 etti
380 1729 417 1754 ant.
432 1728 450 1753 et
463 1731 509 1763 resp.
524 1720 600 1754 secundi
617 1719 709 1760 nocturni,

43 1772 110 1814 serire4
121 1782 138 1805 er
151 1774 225 1806 Subbat.
234 1781 270 1806 ant.
280 1782 297 1806 et
305 1783 351 1816 resp.
359 1773 407 1806 tertii
417 1773 507 1806 nocturni.

66 1832 86 1867 tat
96 1832 127 1863 ie
144 1831 318 1864 omnihebdonrada.
358 1839 362 1848 ¹

67 1888 89 1929 13)
108 1889 227 1922 Occasionem
244 1890 298 1933 hujus
316 1889 437 1922 ordinationis
452 1889 477 1921 sic
497 1897 558 1922 narrat
577 1889 659 1930 AEgidius
681 1888 712 1920 Fu·

43 1944 91 1976 tnta
133 1942 235 1974 ordinatum
246 1951 278 1983 est,
293 1951 313 1974 ut
327 1941 375 1974 seriis
393 1942 478 1975 secundis
492 1941 523 1974 fiat
535 1940 626 1984 processio
639 1951 672 1984 pro
683 1940 711 1972 de-

43 1995 109 2029 functis
120 2002 136 2026 et
146 1995 180 2026 lio:
193 2003 267 2037 propter
276 1995 368 2038 quendam
377 1995 482 2027 defunctum
495 1994 526 2037 qui
542 1993 616 2026 dirersis
626 1993 711 2026 noctibus

43 2059 75 2091 per
83 2047 210 2079 dormitorium
220 2046 319 2079 ambulavit
328 2047 417 2079 cantando
427 2046 494 2078 Libera
503 2057 530 2078 me
537 2046 613 2078 Domine
623 2046 645 2078 de
654 2050 712 2077 morte

43 2105 116 2138 aeterna,
127 2109 144 2131 et
154 2110 190 2131 non
198 2100 249 2141 plus;
260 2095 303 2132 tuno
315 2110 379 2131 omnes
391 2099 455 2132 fratres
464 2098 518 2130 simul
527 2108 560 2140 pro
571 2097 603 2129 itto
613 2097 677 2130 deuote
684 2107 713 2130 oe.

43 2153 157 2186 lebraverunt
169 2161 226 2194 usque
239 2152 261 2183 ad
270 2151 318 2185 XXX
328 2160 345 2184 et
359 2150 410 2183 finita
420 2150 482 2184 ultima
499 2149 578 2183 cantavit
593 2148 623 2182 iile
638 2149 711 2192 spiritus

43 2204 176 2247 responsorium
191 2204 258 2237 Libera
266 2216 293 2237 me
305 2205 380 2237 Domine
389 2205 422 2237 dic.
432 2214 489 2246 usque
499 2203 518 2235 in
528 2203 590 2242 finem,
600 2210 617 2234 et
626 2210 667 2245 post
676 2203 712 2234 hoc

44 2268 80 2289 non
90 2266 116 2289 est
124 2259 196 2290 auditus
207 2258 291 2300 amplius.
301 2257 322 2289 In
331 2257 437 2289 memoriam
447 2255 496 2288 iilius
505 2264 557 2300 erant
565 2256 587 2287 ab
596 2255 676 2297 antiquis
687 2254 713 2287 ibi

44 2310 63 2343 in
78 2317 156 2353 quatuor
168 2309 238 2353 angulis
250 2308 351 2343 dormitorii
365 2316 443 2356 quatuor
451 2317 520 2343 cruces.
531 2321 538 2339 u
549 2307 593 2352 (iis.
605 2307 673 2354 Bodley
683 2307 712 2351 73,

47 2362 78 2400 fot,
92 2364 127 2406 112)
464 2377 466 2379 ·
