1616 2703
262 139 285 167 ua
294 137 311 167 s.
322 138 393 167 amone
405 137 466 167 sroer
662 138 701 179 3¹9

51 211 71 251 S.
90 212 159 252 Simon
180 225 190 252 e
202 214 292 253 Carmelo
312 214 374 253 redux
385 214 435 253 circa
446 224 522 252 annum
538 223 587 261 1242
597 212 617 251 in
629 213 701 252 Kantia

25 281 87 331 patria
101 294 137 321 sua
149 288 270 322 conventum
281 284 463 335 Aylesiordiensem
483 282 617 321 munificentia
626 283 702 322 domini

25 351 101 391 Ricardi
113 354 137 391 de
148 354 200 405 Grey
208 355 276 400 erexit,
283 354 378 393 cuietiam
388 353 597 404 probabiliterpraeluit
611 354 674 392 donec
682 366 700 393 a.

27 433 76 473 1247
85 423 105 461 in
117 425 229 472 generalem
245 425 318 463 electus
332 426 398 464 fuerit.
417 424 524 470 Qromodo
545 423 602 463 novis
621 423 701 462 Ordinis

25 493 173 533 necessitatibus
185 494 297 544 providerit,
321 506 343 533 ac
362 495 450 545 regulam
468 500 582 544 temporum
602 499 662 544 atque
674 495 703 532 lo-

24 574 93 602 corum
106 564 259 603 circumstantiis
270 561 356 615 adaptari
374 564 478 606 curaverit.
499 564 605 614 inquibus
622 564 701 613 punctis

23 644 116 683 prospere
128 635 251 683 processerit,
263 632 366 684 inquibus
377 634 420 672 aliis
431 635 537 672 frustratus
549 634 614 678 fuerit,
626 634 701 672 discere

23 703 68 742 licet
77 715 101 742 ex
110 703 179 743 Siberti
188 705 213 742 de
223 705 274 743 Belia
283 705 381 755 opusculo
398 705 428 743 De
438 704 563 742 consideratis
574 708 630 752 super
651 704 702 743 Can

23 774 132 812 meritarum
145 775 212 825 regula
226 773 265 826 (ι),
283 774 317 813 ubi
337 774 388 812 inter
400 774 436 812 alia
448 773 556 823 explicatur
568 785 607 823 qua
627 773 702 812 ratione

23 844 116 882 clausulae
125 855 170 893 quae
186 844 253 883 dicit«
265 844 287 882 Et
305 844 424 894 promissam
437 842 590 895 (obedientiam)
609 843 702 882 studeant

23 912 88 962 operis
104 914 185 952 veritate
205 925 282 953 servare
299 914 396 964 »adjecta
413 913 486 952 suerint
506 913 538 951 illa
559 913 618 951 verba
630 924 642 951 r<
654 924 700 952 cum

23 982 110 1020 castitate
120 988 139 1021 et
151 983 273 1022 abdicatione
284 983 435 1033 proprietatis».
451 983 506 1027 item,
519 994 559 1032 qua
570 982 645 1021 ratione
654 994 700 1022 cum

23 1052 114 1090 iratribus
134 1064 195 1102 grave
207 1057 259 1091 esset
270 1053 337 1091 cibum
355 1053 459 1102 separatim
479 1052 499 1090 in
520 1052 596 1090 cellulis
614 1063 699 1098 sumere,

23 1120 69 1169 quia
98 1127 178 1172 propter
203 1122 349 1161 distributionis
370 1134 447 1160 moram
468 1133 521 1171 saepe
545 1121 698 1171 refrigeraretur,

22 1190 109 1229 clausula
121 1191 145 1230 de
156 1192 259 1230 communi
272 1191 374 1230 refectorio
385 1191 450 1230 addita
462 1191 500 1240 sit3
511 1190 601 1229 similiter
612 1202 654 1239 quo*
664 1203 701 1229 no·-

23 1259 76 1298 mine
86 1272 132 1299 cum
142 1262 208 1311 regula
219 1261 269 1300 circa
279 1261 366 1300 officium
384 1261 474 1299 divinum
493 1260 586 1309 ambigua
597 1266 656 1306 esset,
669 1261 701 1299 de-

22 1329 59 1367 leta
76 1329 107 1367 illa
127 1331 215 1369 clausula
231 1342 282 1369 nova
305 1330 416 1380 composita
428 1330 460 1368 sit.
476 1330 591 1368 Domestico
611 1330 698 1368 saeculari

21 1398 55 1447 qui
63 1399 87 1436 ad
98 1400 173 1438 victum
185 1405 205 1438 et
213 1400 307 1439 vestitum
320 1399 428 1438 necessaria
437 1399 554 1438 distribuere
560 1405 696 1445 consueverat,

21 1467 144 1507 ordinatione
152 1469 335 1508 commissariorum
343 1469 442 1519 papalium
452 1468 574 1507 substitutus
581 1468 618 1507 fuit
629 1469 695 1514 irater,

21 1536 54 1585 qui
66 1538 124 1576 etiam
142 1550 183 1577 non
202 1538 296 1578 omnibus
304 1539 406 1587 aequaliter
420 1538 455 1577 sed
467 1538 560 1587 inspectis
572 1538 664 1577 aetatibus
677 1543 697 1577 et

21 1607 172 1647 necessitatibus
184 1608 318 1658 singulorum,
330 1607 415 1656 singulis
429 1607 547 1657 provideret.
561 1607 642 1657 lnsuper
650 1618 697 1646 con·

20 1682 121 1715 cesserunt
130 1688 189 1715 usum
202 1677 325 1722 animalium,
338 1675 421 1715 tum'ob
433 1676 520 1714 laborem
541 1688 586 1714 cum
599 1676 622 1714 ad
634 1676 697 1715 nutri-

21 1747 149 1785 mentumA
168 1752 262 1796 perpetua
275 1750 342 1784 tamen
359 1746 478 1784 abstinentia
495 1746 609 1795 dispensare
626 1757 697 1785 renue-

20 1819 73 1860 runt,
87 1815 179 1864 quamvis
192 1815 220 1854 eis
235 1814 344 1853 constiterit
355 1814 415 1853 Eliam
428 1815 543 1864 prophetam
556 1826 623 1853 carnes
633 1826 698 1853 come·

20 1882 73 1921 disse
84 1885 167 1934 (quippe
189 1896 235 1934 quae
255 1884 335 1922 materia
346 1884 434 1923 sacrificii
451 1889 525 1930 essent,
538 1895 585 1922 cum
603 1883 697 1923 econtra

20 1951 89 1991 vinum
107 1966 219 2003 numquam
236 1953 313 1992 biberet
327 1954 381 2002 quod
409 1954 429 1991 in
450 1954 507 1992 Novo
528 1954 602 1992 foedere
621 1954 695 1992 nedum

19 2020 93 2061 licitum
111 2024 145 2062 sed
171 2024 197 2067 ob
220 2022 287 2061 missae
309 2023 425 2061 sacrificium
452 2022 584 2061 necessarium
616 2023 694 2072 evasit),

20 2092 55 2129 sed
66 2092 189 2131 loco-nimiae
199 2092 303 2130 debilitatis
320 2098 400 2141 propter
417 2104 477 2141 quam
496 2093 601 2141 hucusque
616 2092 696 2131 licuerat

19 2160 156 2199 abstinentiam
177 2163 258 2204 solvere,
276 2161 398 2210 scripserunt
409 2166 487 2199 tantum
505 2161 616 2209 debilitatis,
630 2162 654 2199 ad
666 2162 695 2199 vi-

18 2230 90 2269 tandos
100 2231 211 2280 scrupulos.
221 2230 272 2269 Cum
285 2230 420 2268 itinerantibus
434 2235 501 2268 tamen
514 2230 654 2279 dispensarunt
663 2242 695 2269 su-

18 2308 52 2344 per
63 2300 172 2348 pulmentis
188 2300 250 2337 coctis
269 2310 316 2337 cum
332 2299 431 2347 carnibus,
449 2304 525 2337 etcum
541 2284 656 2345 constitutis
673 2299 694 2337 in

39 2431 68 2473 (ι)
75 2431 147 2475 Specul.
158 2431 237 2468 Carmel.
247 2433 262 2466 l.
269 2432 291 2466 83
298 2442 338 2476 sqq.
349 2432 408 2475 Supra
418 2431 439 2464 P.
448 2430 488 2464 216.
