1631 2703
294 126 296 131 ’
309 119 390 150 nuamce
404 121 434 149 xur
682 107 707 157 47

32 201 86 238 Patre
98 201 117 234 et
128 196 201 246 Spiritu
214 196 284 242 Sancto
292 195 342 235 vivis
351 201 370 234 et
380 207 451 246 regnas
460 195 480 233 in
496 196 566 234 saecula
580 195 706 233 saeculorum.

34 270 106 308 Amen.

60 338 107 376 Mox
126 336 181 375 finita
198 336 286 374 ornti0ne
298 336 389 386 praelatus
402 336 471 374 induat
486 336 530 374 illos
543 334 611 373 habitu
632 334 711 373 ordinis

34 419 79 447 cum
89 406 148 456 signo
160 404 174 458 †
183 405 250 444 dicens
263 417 322 455 super
331 406 452 454 quemlibet:
465 405 537 443 lrrrtrrat
547 407 564 443 te
572 404 667 442 Dominus
675 416 710 442 oo-

33 489 77 516 oaor
89 476 181 514 horrrirrern
197 476 231 525 qai
249 478 351 514 secandam
363 476 424 514 Deam
433 477 508 513 creatas
516 478 545 513 est
555 475 575 513 io
590 475 670 525 justitia
691 477 711 511 et

34 546 133 587 sanctitate
147 545 240 584 veritatis.
254 546 275 583 Io
281 546 355 584 nomiae
361 546 427 584 Patris
438 545 508 583 etFilii
515 548 534 583 et
541 545 625 593 spiritus
635 545 708 583 Sancti.

34 619 101 657 Aeaeo.
117 616 138 654 Et
152 619 244 665 aspergat
255 627 300 654 eum
310 627 360 664 aqua
371 615 482 654 benedicta.
490 615 564 653 Deinde
576 614 652 653 dicatur
661 615 710 653 Ora-

34 688 72 726 tio:

100 787 160 815 passo
166 777 250 815 Domine
259 776 437 826 supplicationibus
445 777 518 815 nostris
525 781 544 815 et
550 777 603 815 hunc
613 777 709 815 famulum

36 779 92 892 A
100 850 157 885 tuum
170 847 220 885 bene
231 845 318 899 †dicere
327 847 406 896 dignare
421 847 451 885 cui
463 847 483 884 in
494 851 529 885 tuo
546 851 614 885 sancto
629 847 711 884 nomine

35 915 123 955 habitum
136 928 196 955 sacrae
209 917 311 966 religionis
323 916 454 966 imponimus,
465 921 488 955 ut
499 917 526 955 Te
538 916 632 966 largiente
644 922 663 954 et
680 916 711 955 de-

35 990 93 1025 votus
106 985 126 1023 in
138 986 218 1024 ecclesia
227 991 261 1025 tua
276 986 379 1036 persistere
391 991 411 1024 et
430 986 490 1024 vitam
503 987 601 1036 percipere
613 991 711 1040 mereatur

36 1060 136 1103 aeternam.
149 1056 184 1094 Per
193 1055 295 1094 Christum
304 1056 328 1094 D.
341 1056 365 1094 N.
379 1057 451 1094 Amen.

62 1125 84 1162 Et
98 1126 126 1163 sic
138 1125 208 1175 recepti
220 1130 240 1164 et
251 1125 315 1164 induti
325 1126 428 1174 >ducantur
442 1126 614 1174 processionaliter
628 1126 653 1164 ad
664 1127 712 1164 cho-

36 1207 86 1240 rum,
100 1200 119 1233 et
131 1200 257 1244 prosternant
265 1207 286 1233 se
300 1199 345 1233 ante
354 1196 413 1233 altare
424 1195 493 1234 ceteris
507 1195 600 1234 iratribus
613 1196 711 1234 stantibus

36 1265 55 1302 in
72 1265 134 1303 stallis
157 1265 206 1311 suis,
225 1269 243 1303 et
259 1269 309 1304 tunc
326 1264 379 1314 prior
396 1264 476 1314 incipiat
488 1264 604 1303 solemniter
611 1266 711 1316 hymnum

37 1334 86 1372 Verri
100 1335 188 1374 Creator.
203 1335 280 1373 Chorus
295 1339 435 1384 prosequatur.
452 1334 483 1372 Ad
495 1335 551 1384 cujus
564 1334 652 1383 primum
668 1345 712 1373 ver-

37 1389 81 1441 sum
95 1415 166 1442 omnes
180 1403 259 1442 flectant
276 1416 348 1453 genua.
361 1404 424 1443 Finito
442 1404 518 1454 hymno
535 1405 675 1453 dicatuerie
686 1406 710 1442 el.

38 1473 112 1510 Christe
121 1475 145 1511 et.
158 1475 217 1511 Pater
228 1476 298 1511 noster.
308 1473 382 1511 Deinde
394 1474 447 1523 prior
458 1478 513 1512 stans
521 1474 576 1523 juxta
586 1473 641 1522 ipsos
652 1485 712 1523 prope

37 1528 97 1580 cornu
107 1542 172 1581 altaris
183 1542 232 1580 dicat
241 1541 290 1593 (Fol.
308 1543 353 1591 rab)
363 1543 387 1580 Et
397 1554 465 1581 meaos.
476 1544 572 1595 pitantia
584 1544 636 1581 Deras
645 1544 715 1581 virtuti

37 1612 105 1661 aelian
117 1614 196 1650 Salvam
201 1613 236 1661 fiac
244 1624 318 1651 servam
331 1615 391 1650 trano.
401 1613 469 1666 pEsto
478 1613 496 1650 ei
506 1613 581 1650 donatae
589 1614 649 1651 torris
653 1613 713 1662 forti-

1 1696 3 1704 *
37 1681 115 1719 turtinis.
124 1684 142 1733 >l
150 1682 206 1722 Nihil
213 1683 305 1729 proiciat
319 1682 407 1720 inimicas
418 1683 439 1720 io
449 1694 475 1720 eo.
488 1685 506 1733 p
519 1681 560 1721 Ora
568 1686 605 1730 pro
616 1694 636 1720 eo
648 1685 714 1720 sancta

1 1752 4 1799 ζ
37 1750 74 1787 Dei
88 1751 181 1799 genitrix.
197 1751 277 1789 Domine
290 1752 368 1790 exterriti.
382 1753 431 1791 Dos.
448 1751 517 1789 vobisc.

1 1811 4 1825 ι

332 1837 413 1876 Oranus

63 1921 116 1959 Deus
128 1922 162 1970 qui
175 1922 233 1960 corda
242 1922 339 1961 fidelium.

64 1990 147 2040 Protege
161 1990 253 2029 Domine.

1 2127 3 2133 y
106 2081 181 2130 eusqui
192 2081 288 2128 justificas
299 2082 384 2130 impium
397 2087 415 2120 et
432 2093 472 2120 non
487 2082 517 2120 vis
530 2086 614 2121 mortem
625 2088 715 2131 peccato-

0 2135 4 2157 Ξ
42 2080 298 2200 DiisMajestemtuam
307 2151 406 2199 supplices
415 2152 551 2199 deprecamur,
562 2156 584 2189 ut
592 2153 645 2189 hunc
653 2154 715 2190 tamu-

39 2217 80 2255 lum
90 2223 147 2257 tuum
159 2219 184 2256 de
192 2223 226 2257 tua
241 2220 374 2258 misericordia
386 2221 519 2258 confidentem
532 2220 607 2259 coelesti
622 2226 715 2270 protegas

39 2286 136 2337 benignus
148 2288 227 2333 auxilio,
246 2294 265 2326 et
282 2289 360 2327 assidua
381 2290 503 2339 protectione
519 2301 631 2335 conserves,
643 2295 666 2328 ut
679 2290 715 2328 tibi

40 2355 111 2404 iugiter
131 2358 236 2401 famuletur
247 2364 266 2396 et
278 2359 337 2397 nullis
345 2359 488 2398 tentationibus
503 2372 513 2397 a
530 2365 549 2398 te
564 2364 672 2409 separetur.
