1616 2703
258 127 284 152 ne
306 125 407 153 conventu
420 125 499 153 Tvneusr
679 116 717 164 289

39 201 69 239 bis
78 211 81 237 z
91 211 102 237 <t
111 200 131 237 ln
144 201 179 237 hac
188 199 265 237 civitate
275 199 421 245 aedificaverunt
430 199 488 237 etiam
496 199 542 236 dicti
549 200 618 236 fratres
628 203 647 236 et
656 199 718 236 habu-

40 274 98 308 erunt
110 269 251 308 monasterium
263 257 433 319 suae'religionis»
445 268 483 319 (1).
494 270 538 314 Qro
547 280 594 307 vero
605 274 661 317 pacto
671 280 718 306 con-

40 343 112 378 ventus
121 339 215 388 fundatus
227 339 354 387 lueritliquet
366 351 389 384 ex
401 340 455 386 bulla
469 339 543 376 Urbani
562 337 617 392 lV·(5
631 338 718 387 Augusti

43 406 102 460 1262)
114 420 153 458 qua
164 409 280 455 Carmelitas
290 409 404 458 patriarchae
416 408 596 459 Hierosolymitano
609 413 656 446 tune
668 413 718 446 tem-

41 478 94 527 poris
102 478 148 528 Tyri
156 478 248 516 residenti
261 478 344 527 subjecit
356 490 415 515 «non
425 479 517 524 obstante
529 477 660 516 conventione
668 478 719 515 inter

41 559 77 586 vos
86 552 105 585 et
114 548 173 586 bonae
185 547 287 586 memoriae
296 547 405 598 Tyrensem
425 548 593 598 archiepiscopum
613 558 672 596 super
689 558 719 584 ve-

41 623 79 657 stra
92 618 215 667 subjectione
224 618 297 664 habita,
311 617 330 655 in
346 630 385 666 qua
402 618 518 666 promisisse
527 617 633 671 noscimini
642 617 717 655 nullam

40 689 144 736 impetrare
155 687 310 736 exemptionem,
324 688 354 732 vel
366 687 395 732 uti
404 688 428 725 ab
438 687 504 736 aliquo
516 687 627 736 impetrata,
638 687 675 725 sub
684 698 719 735 ap-

41 757 104 807 posita
116 768 180 806 poena,
191 756 281 794 videlicet
293 757 347 805 quod
360 757 412 794 idem
423 754 583 811 archiepiscopus
590 756 606 794 si
618 768 675 794 secus
684 768 719 805 per

40 838 76 877 vos
89 827 150 869 fieret,
164 831 232 876 posset
241 827 308 864 locum
317 826 336 864 in
349 838 389 875 quo
399 826 508 877 inTyrensi
518 826 595 864 civitate
605 826 682 875 degitis,
692 837 718 863 re-

40 897 111 945 cipere,
124 909 147 934 ac
155 908 191 935 vos
204 896 256 944 exire
264 896 381 942 teneremini
394 897 460 935 locum
472 896 547 946 ipsum,
561 900 595 933 aut
614 896 719 934 confirma-

40 967 94 1014 tione
106 978 166 1015 super
175 967 213 1005 hoc
223 978 233 1003 a
243 966 292 1004 Sede
304 966 419 1015 Apostolica
435 967 544 1015 impetrata,
569 977 618 1014 quas
639 965 719 1015 penitus

41 1047 157 1074 revocamus
164 1048 175 1073 ›>
182 1034 220 1087 (2).
234 1035 329 1073 Sanvicus
339 1037 397 1073 refert
402 1036 556 1074 destructionem
564 1040 675 1073 conventus
680 1035 720 1086 Ty-

42 1105 105 1143 rensis
115 1117 149 1154 per
160 1105 249 1143 infideles
261 1104 285 1142 ad
299 1116 374 1142 annum
390 1107 446 1156 1289,
460 1105 540 1143 biennio
553 1110 599 1143 ante
618 1116 720 1154 expugna-

41 1175 116 1213 tionem
129 1174 213 1213 civitatis
223 1175 352 1220 Acconensis,
366 1179 385 1213 at
397 1175 416 1212 in
430 1176 467 1213 hoc
482 1181 539 1213 errat.
561 1174 635 1212 Eodem
648 1186 720 1223 nempe

42 1244 73 1282 die
81 1256 120 1293 quo
130 1244 197 1283 Accon
206 1249 261 1293 capta
274 1244 310 1282 luit
321 1244 385 1295 Tyrus
395 1249 506 1294 expugnata
518 1249 548 1283 est
557 1242 594 1294 (3).
606 1255 618 1281 t<
627 1244 717 1289 Proinde,

41 1314 74 1359 ait,
88 1318 155 1352 contra
164 1315 239 1365 Tyrum
251 1314 380 1352 ascendentes
390 1314 498 1363 (Saraceni)
510 1314 664 1353 munitissimam
673 1313 719 1352 civi-

41 1384 162 1433 tatemillam
173 1383 243 1431 eodem
256 1395 309 1421 anno
321 1382 371 1437 (ie.
390 1396 412 1421 ac
429 1384 525 1433 Tripolim
535 1385 559 1422 de
571 1395 609 1432 qua
625 1389 720 1422 tractave-

42 1455 79 1503 rat)
89 1458 199 1502 coeperunt,
211 1452 229 1490 in
243 1465 281 1502 qua
289 1454 398 1491 multorum
417 1453 580 1509 Christianorum
601 1453 719 1503 sanguinem

37 1523 165 1567 effundentes
176 1522 274 1572 civitatem
284 1523 336 1560 illam
349 1535 396 1561 cum
409 1524 531 1562 monasterio
542 1524 601 1573 huius
619 1523 719 1573 religionis

42 1593 96 1642 quod
108 1593 127 1630 in
137 1605 159 1642 ea
175 1597 222 1640 erat,
233 1592 395 1631 destruxerunt»
409 1575 458 1641 (4).'

40 1693 42 1696 s
70 1663 131 1700 Exeo
146 1663 200 1711 quod
213 1661 308 1710 Sanvicus
321 1662 366 1700 dicit
383 1668 428 1701 ante
441 1668 518 1712 portam
530 1663 613 1702 civitatis
625 1663 717 1713 Sareptae,

43 1732 145 1781 quondam
163 1732 257 1781 gloriosae
273 1744 326 1770 nunc
342 1737 407 1771 autem
424 1733 457 1771 vix
475 1738 520 1772 octo
533 1734 606 1772 domos
621 1734 718 1779 habentis,

43 1801 157 1841 Carmelitas
175 1801 223 1841 olim
237 1802 345 1840 edificasse
360 1804 454 1852 capellam
475 1804 500 1841 ad
519 1804 617 1842 honorem
632 1804 720 1854 Virginis

24 1908 26 1911 ,
43 1865 108 1911 Mariae
120 1884 165 1922 quae
183 1872 248 1911 adhuc
263 1877 316 1911 extat
333 1872 353 1910 in
368 1873 438 1911 eodem
451 1874 495 1912 loco
510 1886 551 1923 quo
567 1873 616 1912 Elias
634 1874 720 1913 obviavit

44 1943 120 1981 mulieri
129 1943 193 1982 viduae
205 1943 257 1992 apud
269 1954 330 1991 quam
343 1943 363 1981 in
373 1943 452 1993 Sarepta
465 1944 538 1983 mansit
554 1948 573 1982 et
585 1944 642 1994 cujus
656 1944 720 1983 filium

64 2123 148 2166 (1)lhid.
160 2125 180 2158 P.
190 2134 219 2167 97,
228 2134 245 2156 n.
253 2124 295 2166 408.

64 2184 93 2226 (α)
107 2183 212 2223 Bullatium,
223 2183 237 2216 Ι.
248 2183 288 2216 523.

66 2243 87 2286 (3)
100 2242 205 2284 Roehricht,
217 2243 301 2286 Regesn,
316 2243 335 2276 P.
346 2243 386 2287 393,
396 2254 414 2276 n.
421 2244 470 2277 1512.
480 2244 564 2278 Histoire
573 2244 595 2278 de
604 2244 684 2287 l’Ordre,
700 2247 720 2279 P.

44 2310 72 2344 91,
79 2312 97 2334 n.
108 2313 145 2335 zzz.
322 2333 324 2335 .

0 2399 2 2404 ,
65 2361 88 2403 (4)
98 2361 197 2404 Speculum
207 2361 286 2394 Carmel.
296 2362 310 2404 l,
324 2362 363 2404 105,
370 2373 389 2404 p,
399 2373 440 2406 447.
