1631 2703
308 138 391 177 rutum
402 140 419 178 11:
669 143 693 176 21

23 216 109 259 scribens
121 214 149 253 eis
167 215 257 265 regulam
269 214 439 271 antegConcilium
453 215 669 271 lateranensepostea
679 229 699 268 a

22 285 105 329 summis
118 284 244 334 pontificibus
256 285 392 334 approbatam.
408 286 473 331 Qram
486 286 574 335 regulam
587 285 624 325 sub
636 286 699 330 bulla-¹

22 369 64 398 rum
77 366 157 394 suarum
167 354 282 393 testimonio
294 354 422 393 devotissime
439 356 587 402 confirmarunt.
600 357 624 394 ln
638 357 695 405 cujus

22 425 143 479 professione
155 436 192 463 nos
202 436 271 463 eorum
288 436 391 474 sequaces,
404 436 468 482 usque
479 425 499 463 in
512 425 630 481 hodiernum
641 426 696 470 diem

21 499 40 537 in
52 494 134 535 diversis
146 494 216 533 mundi
226 494 314 544 partibus
324 494 560 538 Dominofamulamur„
595 535 596 538 Ἴ
637 536 639 538 ,
666 501 667 504 ’

85 624 113 662 DE
127 633 241 662 RECEPTlOllE
253 633 344 678 Locorum
360 633 383 662 ET
392 633 494 664 CLAUSURlS
505 634 529 663 ΕΤ
540 634 643 679 AEl)ll²lCllS¹¹

206 703 421 743 coenomanorum
441 704 501 743 2nda.

49 846 64 873 1.
75 834 95 872 ln
107 832 202 883 principio
212 832 326 879 statuimus,
338 833 391 882 quod
401 832 441 872 sint
450 832 469 871 in
482 832 551 871 ordine
558 816 627 886 nostro
636 833 696 883 quin-

18 904 81 944 decim
98 903 209 953 provinciae,
221 914 305 953 quarum
315 903 386 953 prima
397 903 423 942 sit
437 902 495 941 Terra
506 903 594 950 Sancta„
606 904 693 942 secunda

18 974 87 1019 Sicilia,
97 973 154 1012 tertia
168 974 247 1023 Anglia,
267 959 341 1023 quarta
352 973 452 1012 Provincia
469 973 609 1019 Narbonensis,
624 974 693 1022 quinta

18 1044 107 1088 thuscia,
122 1048 176 1082 sexta
192 1037 277 1088 Francia,
298 1028 381 1093 septima
401 1042 604 1097 Alemania-inferior,
624 1048 693 1082 octava

18 1113 140 1158 lumbardia,
154 1124 207 1151 nona
219 1113 332 1161 Aquitania,
346 1113 422 1151 decima
432 1113 532 1162 Hispania,
545 1112 649 1151 undecima
661 1112 694 1151 lli-

19 1183 92 1228 bernia,
105 1182 221 1221 duodecima
231 1182 332 1220 Alemania
344 1183 442 1232 superlor,
455 1182 595 1220 tertiadecima
607 1182 699 1236 Apulea,

19 1257 85 1302 quarta
97 1252 172 1290 decima
182 1252 282 1302 provincia
293 1252 407 1297 Provinciae,
423 1252 492 1300 quinta
504 1252 580 1290 decima
592 1252 664 1291 Scotia

44 1334 63 1360 2.
81 1323 128 1360 ltem
141 1322 247 1361 statuimus
260 1322 314 1371 quod
332 1322 399 1364 nullus
410 1321 491 1375 accipiat
503 1323 569 1360 locum
584 1321 622 1360 nisi
634 1321 693 1360 deli-

18 1391 79 1429 centia
89 1390 159 1440 prioris
170 1391 267 1440 generalis
281 1392 310 1429 vel
326 1390 450 1447 ordinatione
459 1396 479 1429 et
493 1402 576 1430 assensu
593 1391 643 1439 (Fol.
657 1389 692 1442 ob)

18 1460 94 1509 capituli
112 1460 237 1510 provincialis
253 1465 287 1498 aut
305 1459 388 1499 sanioris
400 1460 460 1510 partis
472 1460 569 1510 ejusdem,
583 1459 620 1498 sub
632 1471 692 1509 poena

17 1530 187 1579 graviorisculpae,
201 1530 311 1583 secundum
322 1530 441 1579 exigentiam
454 1529 599 1579 delinquentis;
613 1529 692 1578 quodsi

18 1610 71 1637 mora
82 1601 167 1638 traheret
179 1599 295 1648 periculum,
309 1610 343 1649 per
355 1599 440 1648 priorem
457 1599 596 1648 provincialem
608 1599 633 1636 de
645 1610 693 1637 con-

17 1668 98 1707 silioet
117 1680 201 1708 assensu
212 1668 273 1722 trium
286 1670 317 1706 vel
337 1673 423 1718 quatuor
440 1668 528 1717 priorum
546 1669 577 1706 vel
594 1669 690 1706 lectorum

18 1737 68 1774 idem
79 1738 206 1776 concedimus
218 1738 310 1776 ordinari.
322 1749 341 1788 3.
354 1737 411 1776 Tales
422 1742 489 1775 autem
499 1738 523 1775 ad
535 1738 573 1775 hoc
594 1737 691 1787 praecipue

17 1807 142 1855 deputentur,
156 1808 189 1857 qui
202 1808 302 1857 opinionis
314 1808 371 1845 honae
388 1813 407 1845 et
416 1807 541 1846 discretionis
561 1807 647 1857 providae
657 1808 691 1845 ha-

16 1875 105 1922 beantur,
119 1889 158 1929 nec
169 1877 199 1914 ille
211 1877 245 1926 qui
261 1877 354 1914 fratribus
366 1876 393 1915 sic
414 1876 480 1915 missis
500 1868 599 1926 praeluerit
611 1876 689 1925 prioris,

16 1945 49 1982 sed
69 1946 201 1994 procuratoris
213 1950 291 1984 tantum
305 1945 386 1984 nomine
400 1950 510 1984 censeatur.
525 1956 544 1993 4.
563 1936 603 1984 Nec
615 1946 691 1984 ratione

16 2014 73 2068 officii
93 2016 226 2065 procuratoris
235 2016 263 2067 sit
273 2015 298 2053 de
315 2015 392 2064 gremio
404 2015 529 2065 provincialis
547 2015 634 2064 capituli,
655 2027 691 2053 nec

16 2083 54 2135 sint
64 2084 90 2122 ibi
102 2086 171 2123 fratres
183 2085 330 2134 quaternarium
341 2096 448 2123 numerum
461 2084 584 2134 excedentes,
595 2084 629 2134 qui
636 2084 652 2123 si
659 2085 701 2130 de-¹

15 2150 79 2191 ficiant
90 2154 110 2192 in
122 2154 188 2203 aliquo
201 2154 264 2192 vicino
277 2159 377 2193 conventu
390 2165 424 2203 per
443 2154 529 2203 priorem
547 2144 694 2203 provincialem

15 2219 41 2258 eis
50 2223 151 2273 assignato
160 2224 232 2273 eligere
244 2228 262 2262 et
271 2224 314 2273 eligi
327 2224 404 2262 valeant
415 2234 461 2261 cum
473 2224 497 2261 ad
507 2224 625 2273 provinciale
636 2223 688 2273 capi-

15 2290 78 2329 tulum
91 2293 148 2331 luerit
160 2293 256 2331 eundum.

28 2404 30 2406 ,
43 2369 59 2407 5.
73 2361 120 2399 ltem
130 2362 236 2401 statuimus
248 2362 302 2412 quod
314 2362 436 2412 quicumque
445 2361 546 2401 intraverit
556 2362 654 2401 terminos
663 2363 689 2400 al·

15 2427 73 2467 terius
85 2436 195 2471 conventus
214 2432 245 2470 vel
262 2432 368 2481 provinciae
382 2432 406 2470 ad
426 2432 573 2481 procurandum
585 2437 604 2471 et
623 2431 689 2481 aliqua
