1631 2703
194 110 394 140 torneamentum.
411 112 430 139 n.
446 111 465 139 o.
484 102 541 152 1348.
667 98 701 151 165

37 186 217 237 transgressoribus
226 182 338 236 infligenda.
349 187 447 226 Volumus
455 191 521 225 tamen
531 183 605 225 dictum
620 183 704 225 conven·

34 261 76 295 tum
90 256 159 305 subjici
171 255 229 304 priori
241 255 353 305 provinciali
371 256 390 294 in
402 256 458 305 cujus
471 255 569 305 provincia
586 254 656 294 dicitur
678 256 704 301 si-

34 331 108 369 cuatus,
122 326 187 373 quoad
199 325 344 374 promotionem
357 325 479 364 studentium
491 332 510 363 et
521 325 648 364 taxationem.

62 395 108 433 ltem
129 394 147 432 in
167 394 315 433 RubricaXXttt
333 394 365 433 ubi
377 395 464 443 tangitur
475 394 499 433 de
515 394 658 444 appellantibus
669 393 701 446 (1)
753 434 754 437 Ἴ

35 464 130 503 addatur:
142 464 258 501 Mandamus
270 468 289 501 et
301 462 425 513 praecipimus
437 463 530 502 omnibus
547 463 644 513 prioribus
656 475 701 513 pro-

35 532 149 571 vincialibus
168 537 187 569 et
205 529 298 570 localibus
314 544 348 581 per
367 531 498 570 obedientiam
516 533 620 570 salutarem
632 537 651 571 et
662 533 700 571 sub

35 612 94 649 poenn
106 600 234 648 depositionis
245 601 270 639 ab
281 600 346 639 officio
364 601 418 649 quod
432 601 583 639 constitutiones
600 601 624 639 de
635 603 701 650 appel-

36 669 121 708 lantibus
136 674 155 707 et
164 669 287 718 appellationi
299 670 449 714 adhaerentibus,
464 674 569 719 postquam
581 670 605 707 ab
616 670 701 719 appelta-

34 738 88 777 tione
111 738 221 782 ceciderint,
241 738 377 776 inuiolabiliter
396 739 467 776 faciant
485 738 591 781 observari,
611 743 630 776 et
649 739 701 776 idem

33 808 104 846 faciant
114 807 137 845 de
148 818 169 845 se
180 806 299 855 erigentibus
311 813 378 845 contra
387 807 498 856 superiores
507 818 555 846 suos
566 811 585 845 et
594 807 701 857 specialiter

32 882 99 915 contra
112 881 231 925 praeceptum
243 881 261 914 et
273 876 402 914 obedientiam
415 876 484 925 prioris
493 876 597 925 generalis.

59 947 105 985 item
117 946 137 983 in
149 945 231 983 Rubrica
251 945 263 983 ll
275 946 298 983 de
315 945 423 994 receptione
444 946 531 984 locorum
543 943 574 997 (2)
585 945 618 984 ubi
631 945 701 984 dicitur

34 1015 88 1063 quod
96 1015 178 1063 septima
188 1014 286 1063 provincia
296 1014 321 1052 sit
329 1014 431 1052 Atemania
438 1014 558 1063 intelligatur
565 1015 589 1052 de
598 1015 700 1052 Alemania

32 1084 124 1128 interiori,
138 1084 236 1123 ettultima
247 1083 346 1132 provincia
358 1083 383 1121 sit
395 1083 496 1121 Alemania
508 1083 604 1132 superior.

58 1154 104 1191 ltem
122 1152 205 1192 Rubrica
216 1152 253 1190 Xltl
273 1152 296 1189 de
314 1151 423 1201 receptione
436 1152 555 1191 novitiorum
567 1150 597 1202 (3)
606 1152 699 1190 addatur:

33 1221 130 1270 prioribus
142 1221 236 1259 localibus
248 1220 342 1258 omnibus
352 1220 389 1259 sub
397 1215 592 1270 poenadepositionis
602 1221 626 1258 ab
635 1221 700 1259 officio

32 1291 156 1340 injungimus
168 1296 186 1328 et
198 1290 315 1328 mandamus
329 1290 381 1338 quod
399 1301 440 1328 non
458 1289 552 1338 recipiant
567 1290 591 1327 ad
611 1290 700 1328 ordinem

32 1360 120 1408 spurium
129 1359 213 1408 aliquem
223 1370 258 1397 seu
265 1359 326 1397 tilium
339 1359 445 1398 sacerdotis
457 1363 503 1408 post
514 1359 660 1408 susceptionem
670 1369 700 1397 sa-

32 1429 112 1467 cerdotii
125 1434 254 1477 procreatum,
262 1440 298 1466 nec
308 1429 333 1466 ad
342 1428 486 1478 professionem
499 1428 604 1467 admittant
615 1429 700 1477 aliquem

32 1500 72 1548 J‘am
83 1503 189 1547 receptum,
203 1498 245 1536 sine
259 1498 313 1548 gravi
328 1502 347 1536 et
357 1497 437 1535 notabili
446 1509 512 1546 causa,
530 1510 575 1547 quae
588 1503 633 1536 ante
650 1509 702 1536 rece-

34 1568 119 1615 ptionem
130 1565 293 1617 hujus(m0dt)vet
300 1566 441 1616 professionem
451 1566 510 1615 priori
517 1567 629 1616 provinciali
639 1567 701 1605 mani-

33 1637 114 1674 testetur
123 1642 142 1673 et
151 1636 174 1673 ab
186 1647 209 1673 eo
219 1647 277 1684 super
286 1636 326 1673 hac
335 1635 410 1673 licentia
420 1636 507 1684 specialis
518 1636 617 1675 habeatur.

59 1706 105 1743 ltem
117 1705 136 1741 in
146 1704 228 1743 Rubrica
237 1704 253 1741 X
263 1705 286 1742 de
295 1704 379 1753 capituto
391 1704 511 1754 provinciali,
526 1703 557 1755 (4)
568 1705 601 1743 ubi
613 1705 699 1754 tangitur

33 1774 56 1812 de
69 1773 127 1822 priori
138 1773 249 1822 provinciali
263 1778 341 1811 mortuo
353 1774 384 1812 vel
401 1769 512 1823 assumpto,
526 1774 599 1812 dicatur
613 1774 663 1812 clare
680 1778 700 1811 et

33 1854 131 1892 expresse,
142 1842 195 1891 quod
207 1853 247 1880 non
257 1842 348 1880 obstante
360 1842 453 1880 electione
463 1843 526 1881 vicarii
538 1843 642 1892 provinciae
651 1844 700 1881 sacta

33 1912 145 1961 in'capitulo
158 1911 270 1961 provinciali
281 1912 400 1960 praecedente
412 1911 520 1961 capitulum
531 1913 627 1961 generale,
640 1912 699 1962 prior,

34 1981 118 2030 incujus
131 1980 180 2032 (Fol.
196 1982 247 2030 54a)
267 1986 366 2018 conventu
385 1980 492 2029 capitulum
510 1982 627 2030 provinciale
646 1980 702 2019 luerit

34 2051 156 2100 assignatum
167 2050 256 2099 proxime
266 2050 412 2095 celebrandum,
420 2051 514 2099 iungatur
523 2052 579 2101 plena
588 2050 701 2090 auctoritate

56 2224 78 2263 tr)
91 2233 108 2255 n.
122 2224 151 2256 ati.

57 2283 77 2321 tal
91 2291 108 2313 n.
124 2292 138 2313 r.

57 2339 78 2381 (ὃ)
91 2346 130 2382 post
139 2349 234 2372 numerum
243 2349 260 2380 4.

57 2397 78 2439 [a]
92 2397 169 2430 Rubrica
179 2396 243 2431 XXIV.
256 2407 273 2430 n,
286 2397 312 2431 18.
