1616 2703
70 105 110 144 302
334 95 482 131 ‘annotationes

97 178 196 224 Quaeritur
204 189 258 216 nunc
268 178 312 226 quIS
324 178 356 215 ille
365 178 450 228 Cyrillus
460 176 524 215 fuerit.
535 176 616 214 Videtur
622 174 670 213 mihi
682 174 743 212 fulsse

71 247 90 286 S.
104 247 188 297 Cyrillus
199 247 391 297 Hierosolymitanus
403 245 427 299 (†
434 247 458 285 A.
469 247 493 284 D.
512 243 568 296 386).
586 243 662 283 Etenim
674 243 744 282 Arnai-

71 317 109 354 dus
121 317 144 354 de
156 316 260 354 Villanova
269 321 373 353 enumerat
381 316 475 367 Sibyllam
487 315 608 365 Erythream,
621 312 743 363 Cyprianum

71 386 93 433 (i.
107 398 124 424 e.
138 383 355 435 Pseudo-Cyprianum)
362 389 381 423 et
390 385 492 436 Cyrillum,
501 397 523 423 ac
530 384 546 424 si
558 384 577 422 hi
584 394 655 423 omnes
662 382 744 432 prophe·

70 455 108 493 tice
116 455 140 492 de
152 454 288 502 persecutione
300 459 368 493 contra
379 454 493 504 Spirituales
508 454 569 493 locuti
581 457 655 492 essent.
669 452 742 490 Verum

71 523 155 573 Cyrillus
167 522 270 561 Carmelita
281 523 330 561 circa
341 534 417 562 annum
429 534 477 573 1235
491 523 596 561 defunctus
608 526 638 561 est
647 525 667 559 et
678 519 744 569 proin-

71 593 95 630 de
104 592 120 630 si
127 603 194 630 revera
203 593 227 630 de
239 593 375 642 persecutione
387 593 418 631 illa
427 594 505 631 locutus
515 597 567 632 esset
574 592 593 630 id
605 602 646 630 non
656 589 693 628 nisi
702 600 744 638 pro·

71 661 147 710 phetice
158 660 246 710 lecisset3
264 662 298 699 sed
309 673 368 699 nemo
381 666 411 700 est
425 661 459 711 qui
472 673 512 700 non
521 660 575 700 videt
585 661 645 699 talem
658 659 744 708 prophe-
786 672 793 679 ·

71 731 118 768 liam
131 731 188 779 paulo
201 736 245 769 ante
257 735 350 769 eventum
363 732 433 768 factam
446 731 485 768 lere
497 730 571 769 nullius
586 728 683 768 momenti
696 729 742 772 lore,

72 799 180 848 praesertim
192 799 208 837 si
220 799 290 837 eodem
309 804 402 838 contextu
414 799 486 849 Sibylla
498 811 543 849 quae
554 799 624 838 dicitur
636 798 689 835 mille
700 800 745 834 ante

71 868 172 906 Christum
184 879 248 906 annos
262 867 342 916 vixisse,
362 880 384 906 ac
404 868 514 919 Cyprianus
526 868 660 906 nominemur.
679 866 745 904 Teles-

72 938 147 985 phorus
163 938 264 988 presbyter
274 938 354 976 eremita
365 937 486 976 Cusentinus
501 938 521 976 in
536 937 586 975 libro
600 950 618 976 a.
634 933 683 986 1386
698 946 746 973 con-

72 1006 144 1055 scripto
152 1007 254 1044 oraculum
261 1006 350 1055 explicite
359 1007 431 1057 Cyrillo
438 1006 617 1058 Hierosolymitano
626 1005 745 1044 attribuitac
780 1030 782 1035 ·

71 1077 96 1113 de
107 1076 212 1114 schismate
227 1076 341 1114 occidentali
352 1075 487 1128 (15781417)
498 1077 635 1125 interpretatur
646 1073 684 1126 (1),
697 1084 744 1112 con-

71 1149 100 1182 tra
123 1156 183 1194 quem
204 1144 299 1184 Henricus
322 1146 345 1184 de
365 1146 434 1185 Hassia
454 1145 519 1184 senior
544 1143 690 1184 Carthusiensis
715 1143 745 1181 in-

72 1214 143 1264 surgit,
153 1215 239 1263 probans
249 1226 313 1264 neque
325 1215 390 1266 Cyrilli
409 1216 486 1254 Hieros.
496 1226 548 1265 opus
560 1226 603 1254 esse
623 1225 688 1263 neque
708 1224 744 1263 pro

71 1284 171 1322 autentico
186 1269 301 1323 nabendum
310 1286 348 1334 (2).
361 1284 449 1323 Secunda
461 1284 510 1323 ratio
527 1296 572 1338 quae
583 1284 647 1323 adhuc
659 1285 703 1333 plus
713 1295 745 1323 ur-

71 1358 104 1402 get
117 1353 229 1392 desumitur
241 1366 251 1391 e
262 1354 330 1392 codice
341 1353 523 1392 Cheltenhamiensi
534 1353 568 1392 ubi
580 1354 686 1392 Oraculum
699 1365 744 1392 cum

70 1423 148 1461 duabus
166 1422 264 1471 'epistoIIs
283 1423 349 1474 Cyrilli
367 1423 441 1462 scilicet
452 1428 472 1462 et
486 1422 580 1471 Joachim,
594 1435 634 1462 una
656 1434 702 1461 cum
723 1422 746 1461 fi-

71 1492 125 1530 ctitia
136 1491 173 1530 alia
191 1492 291 1531 invenitur
303 1504 363 1542 quam
376 1493 447 1532 dicitur
458 1492 543 1544 Cyrillus
554 1492 746 1543 Hierosolymitanus

71 1561 90 1600 S.
112 1561 226 1612 Augustino
247 1562 350 1611 scripsisse
362 1563 387 1600 de
405 1562 527 1612 apparitione
547 1562 566 1600 S.
579 1562 693 1613 Hieronymi
702 1560 745 1613 (qui

69 1635 137 1670 tamen
146 1631 184 1680 ipsi
194 1631 272 1681 triginta
285 1637 371 1681 quatuor
380 1643 444 1671 annos
453 1631 562 1681 supervixit
570 1631 592 1682 l).
605 1631 673 1681 Incipit
685 1643 696 1670 c
708 1633 746 1671 Ve-

71 1700 150 1739 nerabili
170 1700 212 1740 viro
236 1701 376 1751 epIscoporum
394 1701 467 1740 eximio
484 1713 504 1741 a.
525 1701 611 1740 Desinit:
629 1713 641 1739 <r
661 1701 746 1752 Cyrillus

66 1769 250 1821 lerosolymitarum
275 1771 365 1820 pontifex
387 1771 455 1810 laudes
484 1770 570 1810 maxime
599 1771 744 1821 persolvantur.

71 1839 143 1888 Amen,
157 1851 222 1886 amen,
236 1852 294 1878 amen
304 1832 368 1891 Ml)

96 1909 162 1948 Tertio
183 1921 215 1947 me
236 1915 303 1949 movet
314 1911 370 1948 locus
387 1909 419 1948 ille
437 1909 526 1959 epistolae
537 1907 604 1961 Cyrilli
621 1909 645 1949 ad
657 1910 745 1958 Joachim

70 1978 104 2017 ubi
116 1980 187 2018 fatetur
196 1991 217 2017 se
228 1991 240 2018 <e
248 1991 294 2017 eum
307 1991 342 2029 pro
351 1980 463 2019 veneranda
475 1979 585 2018 celebritate
601 1979 653 2018 beati
664 1980 746 2019 Hilario-

92 2094 121 2137 (1)
129 2094 176 2128 Vide
185 2094 237 2129 infra.

91 2153 120 2196 (2)
132 2152 160 2187 CI.
169 2154 210 2196 Pez,
217 2154 272 2187 Thes.
280 2155 343 2188 anecd.
351 2165 392 2190 nov.
402 2156 424 2188 II.
433 2155 622 2199 507-564.Traetatus
629 2154 663 2189 iste
670 2165 746 2199 compo·

69 2211 175 2246 situsfuita.
189 2214 238 2256 1392.

90 2270 119 2313 (3)
127 2270 161 2303 Hae
174 2271 255 2315 epistolae
264 2273 328 2318 Cyrilli
341 2273 364 2307 ad
381 2272 504 2317 Augustinum
516 2281 534 2308 et
545 2273 645 2318 Augustini
654 2273 678 2307 ad
687 2273 748 2319 CyriI·

68 2327 107 2362 lum
119 2340 164 2374 quas
174 2330 229 2365 refert
239 2332 311 2366 Bosrius
321 2334 380 2377 (Spec.
389 2331 490 2376 historiale,
503 2334 526 2374 V,
536 2343 575 2377 cap.
585 2334 613 2376 64)
624 2340 685 2368 extant
697 2333 747 2378 apud

69 2386 139 2432 Migne,
150 2389 169 2423 P.
180 2390 200 2423 L.
209 2390 294 2436 XXXIII,
307 2401 350 2427 1120
361 2402 400 2436 sqq.
