1631 2703
320 161 394 190 nucum
672 161 701 199 nn

25 237 258 286 nondeeritpeccatum.
272 237 294 274 Et
308 236 341 286 qui
356 234 702 287 inconsideratus(Eoiqb)estad

26 305 161 356 loquendum,
169 305 241 352 sentiet
253 306 309 344 maia.
323 306 370 343 item
378 306 411 354 qui
419 305 487 343 multis
496 304 703 357 utiturverbis,:laedit

26 377 111 416 animam
129 385 193 413 suam.
207 374 230 413 Et
237 373 335 414 Dominus
348 375 368 413 in
385 374 502 424 Evangelio:
522 375 551 412 De·
567 374 702 413 omnifiverbo

26 446 90 486 otioso
102 445 157 493 quod
167 444 227 491 locuti
242 445 315 482 fuerint
333 444 425 482 homines
441 443 633 492 reddentrationem
641 443 703 482 indie

24 514 98 566 judicii.
111 513 174 553 Faciat
188 525 235 563 ergo
258 513 399 562 unusquisque
419 517 512 552 stateram
530 512 603 565 ueritis·
614 512 663 558 suis,
684 518 703 551 et

26 587 98 623 fraenos
108 586 171 622 'rectos
183 583 211 621 ori
224 589 268 628 suo,
282 594 307 621 ne
320 583 370 621 torte
381 582 485 621 labatur'et
494 568 552 621 'cadat
566 575 673 631 in'iin'gun,
684 587 703 621 et

26 652 139 692 insanabiHs
147 652 172 691 sit
181 663 239 691 casus
248 652 292 699 eius
307 652 331 690 ad
344 656 437 696 mortem,
457 651 572 690 custodiens
589 663 634 690 cum
657 663 703 701 pro-

27 723 84 774 pheta
95 721 136 761 vias
148 732 201 768 suas,
214 726 238 760 ut
253 732 294 760 non
315 721 418 770 delinquat
434 720 533 770 intinguat
550 732 593 767 sua,
614 726 633 759 et
644 721 704 759 silen-

26 792 76 831 rium
88 791 109 829 in
121 802 162 841 qno
180 790 336 847 cultus-justitiae
354 795 392 836 est,
403 789 507 839 diligenter
524 794 544 828 et
552 794 608 829 caute
625 790 703 830 studeat

27 862 137 900 observare.
185 877 188 880 ·

160 962 285 1000 Exuonrnrro
303 962 378 1000 Pmorrrs
387 973 412 1000 no
427 948 582 1000 nuururn'rens
615 999 616 1004 ,

51 1092 82 1130 Tu
94 1095 168 1136 nutem,
181 1091 245 1129 Frater
256 1091 277 1129 Β.
296 1095 316 1129 et
333 1090 455 1139 quicumque
473 1089 530 1128 fuerit
547 1095 593 1139 post
608 1094 628 1127 te
647 1090 702 1129 Prior

25 1161 135 1205 institutus,
148 1159 196 1198 iilud
208 1169 287 1209 semper
307 1159 395 1198 habeatis
407 1159 426 1197 in
444 1164 511 1197 mente
523 1163 542 1203 eut
560 1159 670 1198 observetis
682 1160 702 1198 in

27 1242 91 1280 opere,
105 1230 158 1279 quod
166 1229 264 1268 Dominus
274 1229 300 1267 ait
309 1229 329 1267 in
341 1228 447 1278 Evangelio
456 1220 463 1267 :¹
470 1219 597 1278 Quicumque
603 1217 702 1268 irultinter

26 1298 189 1350 vosmaJ'orfreri,
203 1298 239 1337 erit
251 1298 340 1337 minister
353 1302 424 1344 vester,
443 1303 461 1336 et
479 1287 600 1348 quicumque
612 1290 703 1338 ¹voluerit

26 1370 123 1409 intervos
135 1369 212 1419 primus
222 1379 272 1414 esse,
285 1368 321 1408 erit
332 1370 399 1408 vester
409 1379 486 1408 servus.
498 1359 509 1362 '¹
533 1358 549 1362 ⁴*
599 1359 601 1362 ’
613 1357 616 1361 ’

43 1497 166 1538 EXHORTATIO
175 1497 267 1537 Futrnun
277 1507 303 1536 UT
312 1507 393 1536 PRIOREM
405 1507 457 1536 SUUM
469 1507 572 1538 HUMiLiTER
587 1507 700 1554 nonoretur,

52 1626 94 1664 Vos
103 1637 183 1675 quoque
193 1625 257 1663 caeteri
269 1612 338 1663 fratres
353 1624 438 1674 priorem
451 1612 539 1663 restrum
555 1609 651 1664 honorate
666 1607 704 1664 itu-

26 1694 103 1742 militer,
114 1695 215 1734 Christum
227 1686 294 1744 potius
302 1694 420 1744 cogitantes,
434 1706 494 1744 quam
504 1694 578 1744 ipsum,
592 1695 626 1745 qui
636 1695 704 1745 posuit

26 1764 80 1803 illum
93 1776 153 1815 super
160 1765 223 1814 capita
231 1769 309 1813 vestra,
323 1769 342 1803 et
351 1764 480 1803 Ecclesiarum
491 1764 603 1815 praepositis
615 1765 654 1804 ait:
664 1764 703 1821 Qui

26 1844 61 1872 vos
70 1834 131 1880 audit,
144 1846 176 1872 me
187 1834 248 1879 audit,
267 1839 287 1873 et
296 1833 330 1883 qui
343 1845 380 1873 vos
392 1833 467 1883 spernit
482 1846 514 1872 me
531 1834 613 1884 spernit,
627 1839 650 1873 ut
662 1818 703 1873 non

27 1904 109 1943 veniatis
132 1905 152 1942 in
169 1903 266 1954 judicium
287 1903 311 1941 de
336 1908 460 1954 contemptu,
485 1904 521 1942 sed
544 1904 569 1942 de
592 1888 704 1942 obedientia

27 1959 139 2012 mereamini
151 1978 229 2012 aeternae
241 1973 285 2013 vitae
298 1973 417 2012 mercedem.

313 2101 412 2140 Emodus.

51 2228 96 2268 Haec
115 2231 200 2270 breviter
219 2229 335 2280 scripsimus
355 2228 419 2274 vobis,
439 2228 597 2268 conversationis
631 2233 702 2269 vestrae

25 2297 129 2339 formulam
149 2294 267 2346 statuentes,
287 2299 398 2338 secundum
415 2310 475 2350 quam
492 2299 559 2338 vivere
568 2299 664 2338 debeatis.
683 2299 703 2337 Si

26 2367 69 2414 quis
78 2375 145 2426 autem
155 2368 481 2421 supererogaverit,ipseDominus
491 2380 537 2407 cum
548 2368 704 2426 redierit,reddet

26 2434 50 2474 ei.
63 2437 132 2479 Utatur
142 2445 209 2479 tamen
227 2439 351 2486 discretione,
368 2449 412 2489 quae
424 2431 520 2498 virtutum
530 2443 561 2479 est
573 2429 703 2479 moderatrix.

656 2528 664 2548 2
