1631 2703
100 96 135 141 158
367 106 415 134 nora
431 107 490 136 cana.
530 103 532 105 ’

91 188 139 216 rem.
149 178 260 235 inhibentes
271 180 365 218 omnibus
376 181 526 230 provincialibus
538 193 572 220 seu
585 181 681 232 prioribus
692 181 764 224 locali-2

90 247 128 286 bus
138 248 200 287 nostri
209 246 283 287 ordinis
292 260 315 288 ne
324 250 380 288 alicui
387 251 438 288 fratri
449 251 510 289 nostri
519 250 592 290 ordinis
601 250 647 289 dent
659 250 754 288 licentiam

90 318 143 364 quod
154 318 178 354 ad
185 319 246 355 taleni
259 318 388 367 episcopalem
399 319 512 367 dignitatern
523 319 585 368 possit
597 318 714 369 promoveri.
727 319 755 356 De

88 385 130 423 aliis
141 390 208 423 autem
220 387 244 431 ad
256 386 395 435 quodcumque
403 386 489 425 officium
499 387 541 425 sive
552 387 665 438 dignitatem
676 398 756 436 pronio-

88 454 113 491 tis
125 455 156 492 vel
164 446 316 503 promovendis
312 456 437 493 adhonorenr
448 455 547 505 ordinis
531 459 559 494 src'
568 455 689 501 ordinamus,
700 456 754 503 quod

88 524 139 561 bona
156 535 233 561 eorum
231 523 330 580 acquisita
342 525 361 562 in
379 524 447 562 ordine
459 525 536 573 possint
547 530 612 563 tenere
623 525 659 562 ad
657 524 720 574 vitain
736 530 754 562 et

88 593 173 642 deipsis
186 591 306 642 disponere'
302 594 332 630 ιιιι
332 605 352 630 ra
365 579 462 640 ordinem,
475 593 529 643 prius
542 600 607 643 tamen
623 582 687 631 habita
702 603 755 631 reco-

89 662 131 710 gnit
133 663 177 706 ione
195 673 228 710 per
241 662 329 699 ordinem
343 655 383 701 sub
400 661 501 710 publico
496 667 629 700 instrumento
642 662 754 700 continente

89 731 142 779 quod
152 733 293 781 recognoscant
303 730 333 767 illa
343 731 394 768 b'ona
404 731 464 768 tuisse
476 737 495 768 et
503 741 546 768 esse
555 730 636 775 ordinis,
645 735 664 768 et
673 730 759 776 nomine,

87 800 176 848 ejusdem
187 784 257 848 petunt
264 805 283 836 et
294 799 396 854 volunt-ad
405 799 466 836 vitam
478 799 585 847 possidere.
609 810 612 813 ·
684 790 686 796 ”

48 854 51 857 ¹
113 869 158 906 ltenr
172 868 190 905 in
200 867 282 905 Rubrica
292 867 357 905 XXVll
363 854 387 904 de
394 868 521 914 electionibus
528 867 623 920 addatur:
634 868 754 906 Ordinanrus

87 937 141 984 quod
157 936 232 974 nullus
235 936 274 973 frat
266 940 295 973 ter
306 935 325 973 in
338 925 402 973 officio
416 936 487 985 priorta
489 946 512 973 us
526 931 612 974 existens
623 938 652 973 vel
670 936 754 974 lectoriae

86 1005 168 1055 alicuius
179 1009 289 1063 conventus
298 1010 351 1042 extra
357 1016 413 1042 suarn
426 1004 546 1053 provinciam
559 1005 622 1061 possit
631 1005 690 1054 eligi'
685 998 705 1043 m
717 1005 754 1043 dif-

86 1074 183 1112 finitorern
195 1074 225 1111 vel
238 1073 313 1132 socium
323 1073 401 1121 capituli
413 1074 516 1121 generalis,
530 1073 567 1111 nisi
579 1073 602 1130 ιιι
612 1072 642 1110 illa
654 1073 753 1122 provincia

87 1143 156 1191 inqua
171 1142 305 1182 conventualis
321 1141 374 1191 prior
390 1142 419 1179 vel
436 1143 473 1179 lect
466 1146 497 1179 tor
512 1141 575 1186 luerit,
591 1127 619 1180 'ut
634 1141 751 1191 praedicitur,

86 1211 195 1249 ordinatus.
581 1218 601 1223 '·

112 1281 158 1317 item
174 1280 239 1324 nullus
254 1278 335 1317 studens
353 1278 401 1316 inira
413 1284 497 1317 'aetatem
518 1280 569 1317 XXX
585 1290 682 1318 annorum
700 1284 753 1317 extra

86 1360 142 1388 suarn
155 1336 274 1398 provinciam
287 1348 373 1386 existens
382 1349 432 1386 inst
415 1348 480 1386 studio
489 1348 581 1397 generali,
584 1348 683 1412 dempto
687 1355 704 1386 st
697 1349 752 1386 tudio

86 1417 200 1468 Parysiensi,
214 1417 277 1466 possit
288 1416 347 1465 eligi
343 1427 362 1454 m
373 1416 442 1454 diffinit
444 1428 498 1454 orem
510 1418 540 1455 vel
550 1418 624 1485 socium
633 1415 711 1478 capituli
720 1428 753 1465 ge-

87 1486 156 1525 neralis
164 1496 197 1535 per
209 1496 264 1523 suam
274 1485 401 1553 provinciam.

111 1558 158 1595 item
170 1557 224 1605 quod
234 1557 312 1605 nullus
310 1550 346 1605 qui
358 1556 415 1594 suerit
430 1558 496 1606 legens
506 1557 616 1609 Parysiust
617 1568 698 1607 empore
712 1568 751 1606 quo

84 1626 135 1675 capit
127 1626 192 1673 tulum
204 1626 294 1685 generale
303 1625 360 1663 debet
369 1626 467 1669 celebrari,
479 1626 519 1664 sive
529 1627 554 1665 sit
563 1626 634 1675 magist
635 1637 662 1673 er,
673 1626 714 1664 sive
726 1626 751 1664 sit

84 1696 133 1733 bach
135 1695 212 1741 uanos
226 1695 266 1733 sive
278 1695 303 1733 sit
314 1682 401 1739 biblicus,
416 1695 478 1744 possit
490 1694 556 1744 eligi
551 1706 571 1732 m
583 1695 708 1734 diffinitorern
721 1696 750 1733 vel

85 1764 160 1802 socium
172 1763 222 1811 capit
215 1762 249 1801 tuli
261 1764 362 1812 generalis.

111 1833 158 1870 ltem
170 1832 223 1881 quod
235 1832 301 1870 nullus
313 1831 375 1880 possit
384 1832 428 1880 eligi
441 1832 459 1869 in
475 1832 611 1881 provincialem
625 1828 679 1870 'extra
694 1843 749 1871 suam

86 1900 205 1950 provinciam
222 1900 264 1938 sine
276 1900 459 1949 licentiaexpressa
476 1900 545 1949 prioris
562 1901 663 1949 generalis,
681 1912 716 1939 nec
730 1901 749 1939 in

85 1970 169 2019 priorem
183 1970 272 2013 localem,
293 1964 422 2017 subpriorem,
443 1969 483 2007 sive
504 1964 608 2006 sacristam
620 1975 673 2007 extra
691 1981 749 2008 suum

85 2044 213 2083 conventum,
227 2030 268 2075 sine
282 2040 372 2092 expressa
385 2038 460 2075 licentia
473 2037 542 2086 prioris
557 2026 652 2086 generalis
664 2039 693 2075 vel
706 2049 751 2086 pro»

85 2107 179 2146 vincinlis.

110 2178 158 2216 ltenr
169 2178 188 2216 in
195 2177 329 2224 additionibus
336 2176 413 2232 capituli
422 2176 590 2228 Bruxeliensisu)
597 2176 629 2214 ubi
636 2177 750 2216 dicitursco-

84 2248 134 2286 lares
149 2248 169 2285 in
186 2246 255 2286 studiis
269 2246 389 2297 generalibus
403 2246 502 2284 existentes
516 2257 568 2284 voces
578 2257 623 2284 sares
636 2247 656 2285 in
667 2248 750 2296 propriis

102 2389 131 2432 (r)
144 2387 201 2431 Supra
210 2399 227 2432 p.
237 2388 275 2422 130.
