1616 2703
99 94 142 131 270*
361 95 508 124 ADNOTATIONES

98 180 141 206 aera
153 168 243 206 sublatus
255 173 292 207 est.
305 169 349 207 Erat
363 181 385 207 eo
395 170 432 208 loci
442 169 552 219 antiquitus
564 169 658 208 habitatio
670 173 742 219 magna
754 174 776 208 ut

99 241 239 275 structurarum
252 238 335 286 vestigia
345 238 368 275 acl
379 240 420 276 haec
428 249 492 287 usque
501 244 590 287 tempora
600 243 761 277 commonstrant
770 249 774 286 ;

100 306 134 344 sed
146 306 177 343 illa
189 311 279 355 tempore
292 307 347 356 quod
358 307 425 345 omnia
437 307 456 345 in
469 308 548 346 senium
560 307 643 357 impellit
655 313 675 345 et
685 308 776 356 gentium

99 375 157 413 variis
169 376 319 414 excursionibus
332 377 411 425 penitus
423 377 501 415 abolita.
514 378 588 415 Verum
601 382 645 414 ante
657 374 736 425 aliquot
744 389 776 415 an-

100 455 137 482 nos
146 444 225 492 quidam
239 446 349 484 monachus
364 445 459 495 dignitate
472 446 569 490 sacerdos,
583 446 676 495 capillitio
688 447 751 490 albus,
765 458 776 483 e

99 514 187 552 Calabria
199 514 294 552 oriundus
306 515 337 566 (r)
353 526 377 553 ex
391 516 493 564 prophetae
513 514 630 554 revelatione
646 516 666 553 in
686 521 775 553 montem

99 583 198 632 appellens
218 595 239 621 ea
251 584 299 627 loca,
322 583 447 623 habitationis
459 596 531 634 nempe
552 584 650 633 reliquias,
670 585 721 622 vallo
742 596 776 633 per

100 664 160 701 parvo
174 653 235 691 cinxit
246 657 265 690 et
277 654 325 691 turri
339 653 457 692 exaedificata
469 655 584 703 temploque
598 666 638 692 non
656 654 730 703 ingenti
744 666 777 692 ex-

98 726 163 760 tructo
176 722 308 771 fratribusque
317 724 379 760 ferme
390 722 415 759 ad
426 723 493 760 decem
509 723 595 761 collectis
608 723 717 761 etiamnum
730 734 776 761 san-

99 797 152 829 ctum
164 790 212 828 illud
224 791 322 829 ambitum
335 792 409 830 colit.»

125 852 174 886 Μετὰ
183 851 237 886 ταῦτα’
246 851 311 886 ἔστιτὸ
320 851 424 897 Καρμήλιον
432 851 476 896 ὄρος,
486 850 524 896 περὶ
533 851 553 885 οὗ
561 850 617 888 πολὺς
626 850 680 898 λόγος
688 848 735 896 παρό
743 862 762 886 τι

101 915 124 960 τῇ
132 914 199 960 παλαιᾷ
207 914 270 960 Γραφῇ
279 913 308 947 καὶ
316 915 338 960 τῇ
347 914 397 960 καινῂ
407 913 527 961 ὖπηγόρευται.
540 914 593 948 Ἔστι
602 913 619 947 δὲ
627 913 648 948 rb
657 913 696 959 όρος
705 913 761 960 ζυγὸς,

102 977 129 1011 ὑπ’
140 976 192 1012 αιἰποδ
204 978 235 1012 τοῦ
248 977 344 1011 θαλαττίου
353 976 425 1020 κόλπου,
436 977 468 1012 τοῦ
476 976 515 1023 περὶ
523 977 555 1023 τὴν
563 976 683 1022 Πτολεμαΐδα,
694 976 724 1010 καὶ
732 976 763 1010 τοῦ

101 1040 163 1084 Καϊφᾶ
172 1040 302 1085 κοιλαινομὲνου
311 1040 409 1086 ἀρχόμενος,
420 1040 449 1074 καὶ
456 1040 509 1086 μέχρι
517 1040 551 1075 τῶν
559 1040 590 1086 τῆς
598 1039 698 1075 Γαλιλαίας
707 1038 763 1084 διήκει

102 1102 133 1151 [te.
144 1102 213 1151 διήκων]
223 1103 277 1148 ὁρίων.
304 1102 348 1149 Περὶ
357 1102 374 1137 δὲ
381 1103 402 1138 rb
411 1102 543 1149 ἀκροτελεότιον
551 1103 571 1138 rb
580 1103 623 1149 πρὸς
629 1101 661 1149 τὴν
669 1101 764 1137 θάλασσαν

103 1166 134 1201 τοῦ
140 1167 196 1213 ζυγοῦ,
204 1166 241 1200 ἔστι
248 1167 268 1200 rb
274 1167 305 1200 τοῦ
311 1166 475 1212 προφήτουἬλιοῦ
480 1166 575 1212 σπήλαιον,
584 1165 601 1201 ἓν
607 1181 619 1212 (ρ
626 1164 659 1211 τὴν
666 1163 764 1211 ἀγγελικὴν

103 1229 193 1263 πολιτείαν
206 1228 214 1262 b
229 1229 327 1273 θαυμαστὸς
340 1228 402 1265 ἐκεῖνος
415 1228 516 1265 διατελέσας
527 1228 575 1274 ἀνὴρ,
584 1228 677 1273 μετάρσιος
686 1227 762 1274 γέγονεν.

102 1293 140 1328 Ἧν
147 1294 178 1339 μὲν
188 1293 204 1327 ἒν
212 1294 236 1340 τῴ
244 1294 315 1339 τοιούτῳ
322 1295 371 1339 χώριρ
378 1294 434 1328 πόλοι
439 1295 510 1340 μεγάλη
516 1293 566 1339 μονὴ,
574 1293 595 1331 ὥς
601 1293 623 1328 τὰ
630 1293 661 1328 νῦν
668 1291 764 1338 φαινόμενα

103 1357 136 1391 τῶν
150 1356 248 1401 κτισμάτων
261 1356 364 1391 διδάσκουσι
377 1357 457 1402 λείψανα,
472 1357 512 1391 ἀλλ’
527 1355 560 1391 ὕπὸ
572 1357 604 1391 τοῦ
617 1356 686 1402 χρόνου,
698 1355 730 1390 τοῦ
741 1354 764 1389 τὰ

103 1421 159 1455 πάντα
172 1420 297 1467 γηράσκοντος,
311 1419 340 1453 καὶ
353 1422 384 1465 τῆς
397 1420 430 1455 τῶν
440 1419 506 1466 ἐχθρῶν
515 1418 659 1465 ἅλλεπαλλήλου
667 1417 763 1464 ἐπιδρομῆς,

103 1484 200 1531 ἠφάνισται
209 1483 273 1519 τέλεον.
300 1484 339 1529 Πρδ
352 1482 370 1517 δέ
381 1497 433 1518 τινοιν
446 1482 513 1529 χρόνιον
526 1482 568 1528 ἀνὴρ
578 1482 660 1528 μοναχδς,
671 1481 722 1527 ἱερεὺς
731 1479 764 1526 τὴν

104 1547 158 1594 ἀξίαν,
168 1547 230 1584 πολιὸς
239 1545 271 1592 τὴν
280 1546 338 1592 τρίχα,
348 1546 485 1592 Καλαυρηδόθεν
493 1545 593 1591 ὁρμώμενος,
608 1545 626 1592 ἒξ
639 1544 764 1590 ἀποκαλύψεως

103 1611 135 1646 rofi
146 1610 237 1657 προφήτου
249 1611 273 1656 τῷ
285 1609 332 1656 τόπῳ
345 1609 456 1655 ἐπιδημήσας,
471 1608 487 1642 ἓν
498 1611 535 1645 τοῖς
543 1608 603 1646 τόποις
612 1608 686 1651 ἐκείνοις,
696 1607 707 1654 ἦ
717 1607 738 1644 ὥς
747 1605 767 1642 ἒν,

104 1677 140 1711 τοῖς
154 1676 185 1720 τῆς
199 1675 252 1720 μονῆς
270 1674 381 1718 καταλόμασι
398 1673 478 1720 θριγγίον
494 1673 550 1719 πήξας
566 1673 633 1718 μικρὸν,
651 1671 681 1706 καὶ
697 1671 764 1717 πύργον

103 1737 223 1783 οἰκοδομήσας,
239 1736 267 1770 καί
281 1736 322 1771 ναόν
335 1736 423 1782 ἀνεγείρας
437 1736 503 1782 μικρὸν,
519 1735 548 1769 καὶ
566 1734 652 1780 ἀδελφοὺς
669 1734 709 1768 ὡσεὶ
724 1732 764 1768 δέκα

104 1801 184 1847 συνάξας,
194 1800 223 1835 νῦν
231 1799 262 1834 τόν
270 1800 321 1847 όγιον
330 1800 386 1846 χίδρον
396 1799 459 1834 ἐκεῖνον
468 1798 514 1833 οἰκεῖ.

123 1884 170 1912 Νοῐπ,
193 1883 231 1912 Nat.
243 1881 288 1912 Alex.
303 1882 407 1911 animadvertit
420 1891 471 1911 rocem
485 1875 535 1921 Μονὴ
549 1890 594 1919 quam
606 1880 672 1910 Allatius
685 1888 763 1919 perperam

104 1938 212 1965 rnermrrerr‘um
219 1935 263 1964 vertit
270 1944 319 1964 revera
326 1936 433 1963 habitationem
439 1933 527 1972 significare.
535 1933 608 1963 Consules
614 1933 666 1963 lexica.

124 1995 183 2034 Aliud
194 1995 333 2034 testimonium
343 1994 432 2044 ejusdem
445 1994 471 2033 rei
484 1995 543 2044 idque
556 1997 621 2045 paullo
634 1996 733 2035 vetustius
745 1995 776 2035 in-

97 2065 154 2103 venis
163 2065 183 2103 in
194 2065 295 2103 ltiaerorio
306 2064 369 2103 Rabbi
381 2064 483 2114 benjamin
495 2065 519 2103 de
529 2065 603 2104 Tudela
613 2066 647 2114 qui
659 2077 712 2104 anno
726 2065 774 2117 1163

96 2134 219 2173 Palaestinam
226 2134 318 2173 visitavit.
328 2146 339 2173 r<
348 2135 375 2172 Ex
381 2136 440 2172 latere
449 2146 498 2179 uno,
512 2135 544 2180 ait,
556 2135 634 2173 Carmel
642 2147 701 2173 mons
709 2136 776 2174 immi-

118 2250 147 2292 (1)
157 2250 199 2282 Non
210 2248 292 2292 sequitur
307 2249 417 2282 monachum
427 2249 479 2282 illurn
491 2259 500 2282 e
511 2249 594 2283 Calabria
604 2257 665 2283 ortum
674 2250 730 2284 fuisse
741 2251 773 2284 sed

96 2316 168 2342 ramum
176 2308 273 2351 epartibus
285 2307 429 2342 occidentalibus
439 2308 540 2350 advenisse,
551 2308 597 2342 sieut
607 2309 661 2343 etiam
671 2309 773 2343 hodiedum

48 2375 50 2377 ·
96 2378 160 2401 omnes
170 2365 297 2400 Occidentales
307 2366 325 2400 in
335 2366 411 2399 Oriente
423 2367 487 2400 Franci
508 2374 644 2410 nuncupantur.
