1631 2703
105 92 143 129 208
381 101 445 132 eamr.
460 104 528 133 denen.

132 178 191 215 Anno
200 171 280 215 Domini
299 177 348 229 1336·
359 178 396 217 init
405 179 511 228 capitulum
523 178 775 228 generate‘cetebratumtn

105 246 155 283 iesto
164 241 287 285 Pentecostes
302 247 321 284 in
331 248 430 297 provincia
447 248 554 286 Alemaniae
563 248 661 286 ‘inferioris
673 248 773 295 Bruxetlae,

104 315 197 364 Magistro
207 317 264 353 fratre
271 316 327 353 Petro
336 317 360 354 de
369 317 417 355 Casa
425 317 488 365 priore
499 318 593 366 generali,
604 318 623 355 in
636 310 676 366 nuo
688 317 773 366 capitulo

104 384 184 422 inerunt
196 386 250 433 plara
261 378 355 441 ordinata,
366 371 474 435 specilliter
486 386 550 435 quoad
560 387 647 424 studium
657 382 772 435 parisiense.

131 454 191 491 Anno
200 454 282 492 Domini*
293 465 340 504 ¹³39
352 455 389 493 init
400 455 506 504 capitulum
517 457 606 504 generale
625 455 744 493 celebratum
754 454 773 492 in

105 523 155 560 sesto·
164 513 287 560 Penteeostes
304 523 322 560 in
332 524 431 575 provincia
443 523 553 572 Aquitaniae
563 524 582 561 in
594 530 692 561 conventu
706 524 774 561 Lemo·

105 591 193 629 viearum
203 591 295 640 Magistro
306 576 364 629 ¹Petro
376 592 399 629 de
411 592 459 629 Casa
472 591 535 640 priore
546 593 638 640 generali,
654 592 674 629 in
688 595 728 640 qno
743 603 774 629 ca-

106 660 168 708 pitulo
180 662 258 698 inerunt
270 660 325 709 plura
337 661 433 708 ordinata,
444 660 550 709 specialiter
561 660 680 700 ‘circaofficia
695 660 774 709 provin-

106 730 192 768 cialium.
285 770 286 773 Ἴ
788 716 789 719 ¹

132 799 191 836 Anno
203 797 281 859 Domini
304 809 352 847 1342
371 782 407 836 run
427 797 534 846 capitulum
551 798 640 846 generale
654 798 772 835 celebratum

106 866 212 916 Lugduni
208 878 227 904 m
238 856 337 915 provincia
348 853 444 905 Narbonae
455 872 474 904 et
484 865 509 904 ibi
521 866 558 905 fait
566 868 639 904 electus
648 866 701 916 prior
714 877 774 915 gene-

105 936 150 974 ralis
159 937 195 973 frat
187 940 216 973 ter
227 936 295 973 Petrus
307 935 437 986 Raymnndus
449 935 473 973 de
485 935 548 973 insula
559 932 679 973 bachelariu's
694 933 712 979 (Γ
707 934 725 985 Γ)
739 946 772 983 pa-

106 1004 192 1042 risiensis
211 1004 256 1052 quia
267 984 335 1041 Petrus
353 1004 376 1041 de
388 1004 436 1056 Casa
448 1003 484 1041 ruit
503 1003 604 1042 ordinatus
615 1003 720 1068 episcopus
738 1003 773 1041 Va-

105 1083 203 1110 sionensrs
213 1084 236 1123 p
238 1083 246 1109 r
256 1072 323 1109 sedem
334 1083 382 1121 apos
383 1070 661 1120 tolicampropeAvinionem
672 1071 705 1130 qui
718 1076 773 1119 post·

106 1152 138 1178 ea
147 1141 183 1178 fuit
200 1145 232 1189 pat
225 1140 306 1177 marcha
321 1140 511 1178 Hierosolimitanus.
530 1140 549 1176 ln
566 1141 603 1178 hoc
620 1129 673 1203 εΓρΓΓ
663 1140 705 1177 ΓΓΓΙο
718 1140 772 1187 plura

106 1209 197 1246 ordinant
189 1213 228 1255 t‚ur
238 1208 323 1256 specialit
316 1206 390 1246 tracter
382 1213 407 1246 tae
419 1213 465 1246 sunt
476 1208 520 1245 duae
527 1208 633 1256 provinciae
643 1219 705 1254 novae,
710 1207 772 1248 scili.-

106 1282 135 1315 eet
145 1277 237 1315 Tholosae
248 1281 267 1313 et
279 1274 421 1325 Majoricarum
434 1277 481 1314 item
502 1276 555 1324 quod
573 1277 585 1314 Γ
587 1282 641 1313 erent
657 1281 689 1314 oct
690 1287 731 1313 avae
740 1286 773 1313 so-

106 1346 181 1383 lemnes
202 1345 225 1382 de
241 1345 328 1393 Corpore
337 1346 373 1383 XPl
393 1343 398 1388 ',
411 1345 435 1382 de
448 1344 541 1382 omnibus
554 1344 629 1382 Sanctis
641 1350 660 1382 et
671 1345 694 1382 de
706 1347 773 1381 saneto

107 1414 200 1451 Michaele
211 1414 335 1461 archangelo.

132 1484 191 1520 Anno
203 1481 282 1519 Domini
298 1492 345 1530 1345
359 1481 394 1519 luit
405 1480 512 1530 capitulum
525 1482 614 1529 generale
626 1481 744 1519 celebratum
754 1481 773 1518 in

105 1543 204 1598 provincia
218 1549 338 1587 Lombardiae
350 1550 369 1587 in
381 1554 480 1588 conventu
496 1549 600 1588 Mediolani
612 1549 707 1598 Magistro
718 1549 773 1586 Petro

104 1618 215 1668 Raymundi
228 1618 291 1666 priore
302 1618 387 1666 generali
399 1618 418 1655 in
435 1619 485 1655 iesto
500 1618 630 1656 Pentecostes.
644 1618 663 1655 ln
680 1628 720 1665 quo
733 1618 773 1667 ine-

105 1692 151 1724 runt
168 1688 223 1735 plura
240 1686 327 1724 ordinata
339 1686 446 1735 specialiter
464 1686 528 1735 quoad
540 1686 672 1734 provisionem
685 1685 775 1723 infirmo-²

106 1765 149 1792 rum
162 1759 180 1791 et
190 1754 277 1792 studium
290 1753 402 1801 parisiense.

132 1823 191 1860 Anno
203 1822 282 1859 Domini
297 1824 346 1871 ¹343
358 1822 394 1860 fuit
403 1822 510 1869 capitulum
522 1823 613 1869 generale
624 1821 742 1859 celebratum
752 1821 771 1858 in

106 1891 204 1939 provincia
216 1890 299 1927 Franciae
307 1890 378 1928 Methis
387 1890 406 1927 in
416 1891 466 1928 festo
478 1890 602 1928 Pentecostes
614 1889 707 1938 Magistro
716 1889 772 1927 Petro

105 1959 217 2009 Raymundi
229 1958 292 2007 priore
297 1959 389 2006 generali,
398 1958 417 1995 in
430 1969 469 2006 quo
476 1958 562 2006 capitulo
576 1959 655 1996 luerunt
662 1958 716 2006 plura
723 1957 774 1995 ordi-

104 2032 149 2065 nata
160 2026 267 2076 specialiter
276 2026 329 2074 quod
341 2031 449 2064 conventus
458 2026 521 2063 Curiae
530 2026 623 2063 Romame
641 2014 681 2063 sint
690 2026 728 2063 sub
738 2037 771 2074 po-

103 2101 173 2134 testate
182 2100 201 2133 et
213 2094 308 2143 regimine
314 2091 385 2143 'prioris
397 2094 493 2143 generalis
505 2094 590 2141 plenarie
601 2099 631 2131 etc
642 2092 694 2144 (sic).

130 2166 188 2202 Anno
200 2163 279 2201 Domini
304 2174 349 2212 1351
364 2163 401 2201 ΓΓΓΓΓ
419 2161 526 2211 capitulum
547 2163 637 2211 generale
648 2162 771 2200 rcelebratum

102 2233 193 2270 Tliolosae
205 2232 225 2269 in
237 2233 287 2269 festo
303 2231 427 2269 Pentecostes
440 2230 533 2278 Magistro
545 2229 601 2268 Petro
613 2230 725 2280 Raymundi
737 2242 772 2278 ger

126 2373 147 2416 (1)
163 2372 181 2404 S.
191 2371 252 2404 addit:
262 2370 280 2404 in
292 2370 391 2414 theologia.
