1631 2703
85 106 130 144 172-
165 130 167 133 ,
346 107 394 136 acra
408 108 468 136 canr.
483 128 484 131 ,

83 192 121 219 nus
129 181 152 218 ad
162 181 306 219 observantiam
319 182 404 230 praedicti
416 181 487 220 silentii
498 183 565 221 iratres
574 194 622 221 suos
633 188 712 232 cogant,
726 183 750 220 ri·

82 249 126 298 gide
136 254 155 287 et
170 249 255 287 districte
268 251 382 288 mandantes
397 255 416 287 et
427 251 548 294 ordinantes,
564 252 618 300 quod
630 252 750 300 quicumque

82 320 146 363 trater,
160 319 244 367 exeeptis
259 319 363 356 lectoribus
375 325 394 356 et
405 331 473 357 eorum
489 320 547 358 sociis
559 320 600 358 sine
613 320 688 358 licentia
701 331 750 369 pree-

83 387 164 425 sidentis
176 388 194 425 in
213 393 311 425 conventu
327 393 394 425 eontra
405 389 487 426 sormam
506 390 577 438 regulae
595 389 694 427 silentium
705 394 750 437 post

83 456 233 504 completorium
252 457 336 505 fregerit,
350 457 373 494 ad
383 461 453 494 terrani
464 468 533 505 panem
543 462 562 495 et
576 469 646 506 aquam
659 457 701 496 sine
714 457 750 495 mi-

84 524 186 568 sericordia
198 525 287 562 comedat
297 536 331 573 per
342 530 381 563 tres
393 525 441 564 dies.

109 595 155 631 ltem
168 594 187 631 in
197 593 279 631 Rubriea
291 595 314 630 de
320 594 439 631 dormitione
450 595 531 632 fratrum
549 595 584 632 &o
594 593 749 645 (1)ordinamus,

83 664 137 711 quod
153 662 273 711 quicumque
290 664 348 700 frater
366 664 415 701 laeto
427 664 486 713 signo
497 668 542 712 post
553 663 703 713 completorium
713 665 751 701 eel-

84 732 122 768 lam
131 732 210 768 alterius
219 732 282 768 fratris
294 732 336 768 sine
348 732 423 769 licentia
436 733 558 780 praesidentis
570 733 676 776 intraverit,
693 743 751 781 poena

85 799 198 848 privationis
207 799 260 836 vocis
272 805 291 837 et
300 800 335 837 loci
348 800 391 848 ipso
400 802 451 837 sacto
463 801 563 849 puniatur.

110 869 155 904 ltem
176 868 259 905 Rubriea
270 868 293 904 de
308 868 429 906 indumentis
441 869 476 906 &o
489 868 615 920 (2)Camisias
627 871 650 907 de
662 869 702 906 lino
713 869 751 907 sub

85 948 144 984 poena
156 936 268 985 privationis
280 938 334 974 vocis
344 942 363 974 et
374 938 411 974 loei
423 938 466 986 ipso
477 939 526 975 sacto
539 939 617 986 penitus
629 938 750 982 inhibemus,

85 1017 125 1042 non
137 1005 253 1042 habentibus
264 1011 329 1043 autem
339 1017 408 1043 vocem
418 1012 437 1043 et
449 1008 513 1044 locum
523 1018 581 1055 poena
593 1008 680 1049 carceris
694 1007 710 1044 si
722 1019 752 1043 ca-

86 1074 151 1112 misias
164 1064 288 1124 portaverint,
302 1076 407 1124 infligatur.
420 1077 467 1113 ltem
485 1077 522 1114 sub
534 1077 601 1113 eadem
614 1088 672 1125 poena
688 1076 751 1114 nodos

86 1156 119 1181 seu
129 1146 209 1181 nucleos
221 1145 240 1180 in
250 1145 330 1182 manicis
342 1145 451 1181 tunicarum
465 1157 642 1193 quarumcumque,
658 1146 685 1183 sic
698 1146 751 1193 quod

86 1225 176 1261 apparere
186 1214 269 1259 valeant,
280 1213 368 1250 similiter
377 1214 511 1261 prohibemus.

76 1267 79 1275 Α
113 1283 158 1319 ltem
166 1282 185 1319 in
195 1282 278 1319 Rubriea
285 1283 309 1319 de
316 1282 379 1319 officio
387 1283 582 1331 priorisprovincialis
591 1282 750 1333 (3)declaramus,

88 1351 142 1397 quod
158 1351 224 1388 nullus
242 1351 294 1398 prior
303 1351 425 1398 provincialis
437 1352 499 1399 possit
511 1352 595 1400 priorem
605 1352 689 1400 aliquem
702 1352 753 1388 loea-

87 1420 125 1456 iem
138 1420 179 1468 sine
189 1419 251 1467 culpis
259 1419 382 1468 exigentibus
394 1425 413 1457 et
421 1420 462 1457 sine
475 1420 600 1468 requisitione
613 1420 692 1470 majoris
700 1425 718 1457 et
725 1431 752 1458 sa-

87 1488 147 1526 nioris
160 1487 218 1536 partis
228 1493 338 1526 conventus
347 1489 448 1526 absolvere
459 1489 483 1525 ab
495 1488 558 1526 officio
568 1489 670 1537 prioratus,
687 1500 722 1525 nec
733 1492 752 1525 et

86 1557 169 1605 aliquem
180 1568 273 1604 reponere
286 1569 320 1605 pro
332 1557 386 1595 libito
398 1557 509 1601 voluntatis¹
521 1557 563 1595 sine
575 1569 657 1596 assensu
669 1557 752 1595 sanioris

86 1626 145 1674 partis
154 1630 262 1663 conventus
278 1630 297 1663 et
309 1625 394 1674 majoris.
405 1625 472 1674 Neque
482 1626 539 1663 etiam
552 1627 658 1678 capitulum
674 1626 752 1674 provin-

87 1689 132 1731 ciale
144 1694 214 1743 poterit
224 1706 287 1742 neque
300 1700 363 1743 potest
373 1695 417 1732 dare
426 1695 522 1732 licentiam
536 1695 591 1732 alicui
601 1696 659 1744 priori
673 1695 752 1743 provin-

87 1763 127 1800 ciali
136 1764 247 1812 deponendi
259 1764 288 1800 vel
303 1764 407 1812 reponendi
419 1764 503 1812 aliquem
519 1764 602 1812 priorem
615 1765 694 1801 localem
709 1764 751 1801 sine

88 1833 151 1880 culpis
165 1838 183 1869 et
198 1843 233 1880 pro
245 1832 299 1869 libito
311 1833 429 1879 voluntati53
443 1833 497 1881 quod
516 1833 532 1870 si
544 1844 600 1870 secus
615 1837 680 1870 actum
694 1833 752 1870 tuerit

87 1906 152 1939 totum
162 1906 275 1949 reputamus
287 1912 371 1938 vacuum
384 1906 402 1938 et
410 1901 473 1938 inane

92 1997 94 1999 -
115 1971 161 2007 ltenr
169 1970 188 2007 in
195 1969 278 2007 Rubriea
289 1970 312 2006 de
319 1970 402 2018 capitulo
410 1970 521 2018 provinciali
527 1969 558 2021 (4)
565 1982 569 2008 :
577 1970 691 2014 Siaruiinus,
700 1971 754 2018 quod

90 2039 140 2077 sieut
151 2039 301 2088 prioresloeales
313 2050 351 2076 non
362 2044 446 2087 possunt
455 2039 529 2077 absolvi
542 2051 575 2088 per
592 2051 654 2078 unum
665 2050 753 2077 mensem

108 2213 136 2254 (1)
146 2212 202 2244 Rubr.
212 2211 241 2243 Vl.
256 2221 273 2243 n.
285 2211 300 2243 3,

108 2272 136 2312 (a)
149 2271 204 2302 Rubi.
213 2268 253 2302 XII.
264 2280 281 2302 n.
290 2281 306 2302 2.

107 2329 135 2371 (3)
148 2329 204 2361 Rubr.
216 2329 280 2361 XVlll.
291 2339 308 2360 n
321 2341 337 2361 2.

110 2389 131 2431 (ql
143 2388 199 2421 Rubr.
209 2386 273 2421 xxiv.
286 2398 304 2420 n.
316 2397 341 2422 12.
