1616 2703
257 102 345 132 Putouuu
354 101 475 131 ufiufiuatiuu
667 100 706 141 249

30 179 60 217 liae
71 176 205 215 Narbonensis
214 178 311 226 sepultus.
325 176 417 215 Nicolaus
438 178 532 225 praetatus
551 187 586 225 pro
598 176 706 214 commodo

31 246 130 296 religionis
142 247 190 285 nulli
199 246 259 284 labori
268 247 361 296 pepercit,
370 246 414 285 iicet
424 246 546 295 quandoque
561 246 603 284 sine
613 246 676 284 fructu
683 255 707 283 ex

30 322 108 365 torpore
120 320 138 353 et
147 315 223 365 ignavia
234 315 369 365 quorundam.
385 315 493 365 Religionis
502 315 556 353 enim
569 326 636 353 amore
646 314 706 352 maria

29 384 168 430 transfretavit,
181 385 243 423 varias
253 386 322 423 mundi
331 389 394 434 partes
401 385 496 428 circuivit,
505 390 585 433 tempus
592 390 611 422 et
619 384 706 433 corporis

31 455 81 493 vires
93 454 154 492 nimio
167 455 232 493 labore
244 456 377 504 consumpsit.
389 454 460 493 Officio
473 454 589 492 renuntians
601 454 705 491 heremum

31 524 106 573 repetiit
115 524 139 563 A.
153 525 176 562 D.
192 534 262 572 127oe
274 529 342 562 monte
356 524 463 562 Cumatrof
474 524 549 573 igneam
569 523 664 573 Sagittam
681 522 706 560 ad

30 595 98 633 fratres
107 594 251 644 degenerantes
263 593 348 643 scripsit,

57 665 76 703 8.
87 664 203 712 Raduiphus
217 666 325 702 Alemanus
340 663 364 701 de
376 662 480 701 Germania
493 663 579 701 interiori
596 673 657 700 sacrae
674 673 707 711 pa-

31 735 83 783 ginae
101 733 168 781 lector,
186 733 215 770 vir
232 744 273 771 non
296 733 368 771 minori
384 743 464 771 morum
482 732 579 781 probitate
596 743 656 781 quarn
672 731 708 769 do-

31 802 91 840 ctrina
103 802 203 851 praeditus,
220 813 272 840 anno
284 802 355 840 Christi
371 813 417 851 1271
432 802 509 840 Parisiis
519 802 538 839 in
548 799 707 851 Virginisllrlariae

31 871 133 910 Nativitate
146 871 169 910 tn
180 871 277 921 generalis
289 872 369 910 Ordinis
384 883 464 920 praeses.
481 871 529 909 Tam
548 871 627 921 egregie
641 870 706 908 tribus

31 941 88 979 annis
104 941 165 979 totius
177 941 257 979 Ordinis
270 941 358 991 regimen
370 928 457 990 gesserat
469 946 491 979 ut
503 941 522 978 in
534 952 557 978 eo
569 951 651 978 omnem
676 939 708 989 ju·

30 1011 88 1049 stitiae
99 1022 197 1055 normam,
211 1022 292 1048 omnem
305 1010 414 1059 prudentiae
423 1012 517 1048 cautelam
526 1011 648 1048 etuniversae
657 1020 707 1058 pene

31 1081 115 1119 sormam
137 1080 232 1119 doctrinae
247 1081 317 1119 intueri
336 1080 389 1118 iacile
410 1081 481 1118 liceret.
497 1081 536 1118 Nec
554 1080 574 1117 in
595 1092 618 1118 eo
638 1091 706 1128 pacem

31 1151 62 1188 vel
71 1150 132 1189 divini
144 1148 176 1200 (ut
185 1150 250 1201 ajunt)
263 1150 320 1188 officii
331 1151 396 1188 zelum
409 1150 548 1188 desiderasses.
562 1149 599 1188 Sed
610 1150 659 1199 proh
671 1149 707 1186 do-

31 1221 67 1265 lor,
81 1231 118 1258 suo
129 1224 220 1269 tempore
230 1220 331 1269 perierunt
342 1220 433 1267 quaedam
446 1220 553 1258 Palaestinae
565 1220 608 1257 loca
620 1219 638 1257 vi
651 1218 706 1257 Sara-

31 1301 133 1340 cenorum.
144 1289 190 1327 Post
199 1295 238 1327 tres
248 1300 311 1327 annos
321 1288 386 1327 officio
396 1290 468 1327 cedens
480 1289 540 1327 ardue
552 1300 573 1327 se
584 1288 707 1336 contempla-

30 1358 79 1397 tioni
91 1359 178 1396 donabat
189 1358 209 1396 in
225 1359 325 1397 Aluevico.
344 1358 415 1408 Sicque
427 1359 508 1396 tandem
521 1358 550 1396 vir
562 1358 617 1396 mirae
628 1357 706 1396 virtutis

31 1434 50 1466 et
59 1428 189 1473 abstinentiae,
203 1428 279 1466 dierum
292 1433 311 1466 et
320 1429 423 1467 sanctitate
436 1430 514 1477 plenus,
532 1429 585 1466 haud
601 1428 656 1477 prius
669 1427 707 1464 vir-

30 1503 73 1536 tute
90 1498 197 1537 destitutus
210 1510 269 1547 quam
285 1498 324 1536 vita
333 1499 406 1537 coelum
419 1499 567 1543 conscenderat,
582 1498 613 1536 cui
626 1497 707 1535 Alnevi-

31 1579 66 1606 cus
77 1567 96 1605 in
109 1568 180 1617 Anglia
193 1570 305 1616 sepulcrum
317 1568 414 1617 praestitit,
428 1579 480 1606 anno
493 1579 550 1616 1277·

58 1649 77 1688 9.
94 1638 162 1676 Petrus
176 1638 199 1675 de
211 1638 317 1683 Amitiano,
330 1638 466 1681 Ruthinensis,
484 1637 590 1686 provincia
607 1637 706 1675 Narbonae

31 1717 129 1745 sacrarum
147 1707 255 1745 litterarum
272 1709 339 1751 lector,
356 1706 385 1744 vir
397 1719 445 1745 sane
458 1707 506 1745 mira
522 1707 541 1745 in
560 1707 644 1756 agendis
661 1717 708 1755 pru-

32 1776 102 1822 dentia,
122 1777 178 1825 cujus
190 1777 295 1815 eruditioni
309 1789 343 1826 par
355 1777 486 1826 respondebat
499 1789 578 1815 morum
595 1776 706 1826 integritas.

31 1845 106 1895 Electus
116 1846 235 1895 burdegaliae
248 1844 271 1884 A}
283 1847 305 1884 D.
323 1856 371 1895 1275
381 1847 400 1884 in
411 1848 461 1885 testo
482 1846 595 1895 Epiphaniae
611 1846 706 1884 Ordinem

31 1914 71 1952 tam
84 1915 187 1953 salubriter
198 1927 258 1964 quam
269 1916 369 1954 humiliter
381 1927 453 1953 novem
464 1922 483 1953 et
502 1917 570 1953 decem
581 1916 640 1964 tinnis
653 1926 707 1953 rexe-

33 1989 61 2022 rat
68 1984 94 2022 ita
106 1989 128 2022 ut
140 1996 212 2033 magno
225 1990 351 2034 posterorum
364 1987 463 2034 exemplo,
475 1997 586 2034 numquam
599 1996 660 2033 eques
672 1984 706 2023 sed

33 2054 93 2101 pedes
107 2041 186 2103 semper
200 2054 289 2103 singulas
302 2055 372 2092 viseret
391 2055 509 2103 provincias.
527 2056 584 2093 Parce
598 2055 705 2099 victitabat,

31 2124 105 2171 templa
115 2124 256 2171 frequentabat,
270 2128 328 2172 atque
341 2124 412 2162 divinis
425 2124 495 2162 officiis
504 2124 617 2173 ampliabat,
631 2134 652 2162 se
665 2135 708 2161 mo-

33 2203 76 2230 rum
86 2194 186 2240 exemplar
197 2197 216 2229 et
222 2185 395 2242 contemplationis
408 2194 496 2231 scholam
506 2204 621 2243 proponens
630 2193 705 2231 ceteris.

32 2261 96 2311 Hujus
108 2267 198 2310 tempore
210 2263 283 2311 periere
295 2263 397 2301 Carmelus
407 2268 425 2300 et
437 2264 515 2301 Achou.
532 2264 616 2302 Romam
629 2274 708 2311 semper

32 2330 101 2369 humili
112 2332 173 2369 fultus
185 2332 254 2370 bacillo
263 2332 317 2376 adiit,
326 2343 360 2380 pro
371 2332 481 2381 amplianda
494 2332 588 2380 religione
599 2331 708 2370 sollicitans

32 2400 143 2448 pontifices.
159 2399 263 2451 Stragulati
272 2402 324 2452 pallii
336 2402 355 2440 in
373 2401 466 2440 candidas
479 2412 550 2453 cappas
565 2400 707 2442 commutatio-
