1631 2703
101 87 138 123 218
361 96 507 125 annotationes

100 170 212 209 stitutiones
225 172 293 209 saltem
302 182 355 209 anno
367 168 415 220 1256
422 171 509 209 extitisse
518 182 563 209 cum
574 169 769 208 alexanderlvliue-

100 240 125 277 ris
133 239 238 287 pontificiis
247 239 277 290 (1)
288 241 311 277 de
319 240 347 278 eis
360 251 451 288 expresse
460 251 572 278 sermonem
585 240 660 277 lrabeat.

126 309 145 345 ln
158 309 195 346 hoc
207 309 276 346 eodem
289 309 374 356 capitulo
388 311 444 346 irater
456 309 547 346 Nicolaus
559 308 644 346 Gallicus
658 307 734 345 videtur
749 308 768 345 in

100 377 184 424 priorem
198 377 335 425 provincialem
345 377 409 415 Terrae
421 377 496 415 Sanctae
508 376 635 415 constitutus.
648 377 707 414 Notat
716 376 767 414 enim

99 445 185 494 Segerus
197 446 249 484 Pauli
262 445 293 495 (2)
308 446 372 494 ipsum
390 447 408 483 in
428 447 531 494 opusculoy
550 446 604 493 quod
620 445 675 494 lgneo
694 445 769 494 Sagitta

99 514 161 559 audit,
175 514 277 564 scripsisse
292 526 303 552 r<
318 526 339 553 se
351 526 385 562 per
396 514 465 563 viginti
476 525 539 552 annos
551 514 639 551 ordinem
655 514 727 552 rexisse
739 524 766 561 »3

100 582 186 631 demptis
202 583 289 631 quinque
303 583 360 621 annis
372 583 444 631 quibus
456 583 543 620 officium
554 583 677 631 generalatus
692 594 769 620 exerce-

101 651 134 689 bat
151 649 284 700 [1265-1270)
311 656 412 689 remanent
431 650 542 700 quindecim
566 662 600 699 pro
623 650 767 699 provincialatu.

101 719 185 768 Segerus
201 720 253 757 Pauli
272 720 339 768 opinat
355 720 420 768 ipsum
437 719 530 757 vicarium
547 720 657 768 generalem
672 719 691 756 S.
707 720 769 757 Simo-

101 788 131 825 nis
143 788 202 826 Stock
213 799 246 837 per
258 793 321 837 partes
336 789 439 826 orientales
454 788 521 830 luisse,
538 787 572 824 sed
587 798 631 823 cum
643 788 667 824 de
678 788 769 825 vicariatu

100 857 185 906 generali
198 868 222 894 ne
240 857 318 906 quidem
332 857 436 904 vestigium
449 856 559 894 inveniatur
573 858 625 893 naulo
641 856 706 904 ipsum
724 868 769 905 pro-

100 925 203 962 vincialem
214 925 279 962 Terrae
288 925 362 962 Sanctae
371 925 455 962 credere.

127 993 178 1031 Nihil
190 994 272 1031 omnino
281 993 354 1031 scimus
367 994 390 1031 de
402 993 491 1042 capitulis
502 994 559 1031 annis
572 1004 618 1043 1253
630 1001 648 1031 et
660 992 708 1042 1256
720 994 777 1031 cele-⁴

101 1062 168 1109 brulis,
185 1070 255 1110 praeter
266 1063 308 1099 haec
322 1074 381 1110 pauca
396 1062 506 1108 aJohanne
520 1062 575 1099 Baleo
593 1067 671 1099 notata:
683 1075 694 1099 <r
709 1065 768 1099 Anno

104 1141 153 1178 1254
165 1130 271 1178 capitulum
281 1131 369 1179 generale
381 1130 461 1167 londini
474 1130 590 1167 celebratum
601 1135 630 1167 est
641 1131 660 1167 in
673 1142 712 1178 quo
725 1131 769 1167 fun-

101 1199 152 1236 datio
169 1205 302 1237 conventuum
321 1200 340 1236 in
359 1199 449 1247 Hispania
466 1200 541 1236 decreta
559 1199 595 1236 tuit
611 1212 630 1237 u.
646 1201 677 1248 (3)
688 1199 737 1236 Cum
748 1200 767 1237 in

101 1268 170 1304 eodem
191 1267 276 1315 capitulo
292 1268 407 1314 Radulphus
425 1267 535 1304 Fresliburn
555 1267 678 1314 provincialis
692 1267 769 1315 Angliae

101 1347 113 1372 r<
128 1341 197 1383 quarto
215 1335 291 1373 decimo
310 1346 351 1373 suae
368 1334 491 1372 villicationis
505 1346 557 1372 anno
569 1335 669 1384 cingulum
685 1336 770 1384 deposu-

102 1405 158 1441 erit»
171 1409 189 1441 et
201 1405 258 1441 trater
267 1404 362 1442 ilenricus
374 1404 397 1441 de
409 1405 477 1441 Henna
489 1403 508 1441 in
521 1404 563 1452 ejus
573 1405 637 1442 locum
650 1404 769 1442 substitutus

101 1473 165 1518 fuerit,
188 1472 295 1521 capitulum
315 1472 352 1509 hoc
380 1472 445 1520 potius
474 1483 525 1509 anno
547 1470 595 1521 1256
618 1472 768 1510 adscribendum

101 1538 184 1579 videtur.
194 1541 263 1579 Primae
275 1541 326 1578 enim
336 1541 462 1579 fundationes
472 1541 491 1578 in
502 1541 572 1590 Anglia
582 1542 646 1579 locum
659 1542 769 1580 habuerunt

101 1621 153 1648 anno
168 1620 216 1656 1242
227 1621 261 1647 nec
271 1615 314 1647 ante
327 1611 364 1647 lioc
377 1614 457 1658 tempus
469 1610 508 1647 dari
521 1615 596 1658 poterat
610 1610 767 1659 provincialatus.

128 1678 155 1715 De
166 1678 250 1727 capitulo
260 1689 312 1716 anno
327 1689 376 1728 1259
388 1679 483 1716 Messanae
492 1677 511 1715 in
521 1679 640 1722 Pentecoste,
655 1678 727 1725 ilunii,
738 1690 769 1716 ce-

102 1748 174 1786 lebrato
186 1747 230 1785 vide
241 1747 312 1785 Trissae
324 1748 442 1797 catalogum.

129 1816 223 1853 Auctores
236 1816 306 1853 iterum
319 1816 376 1854 silent
391 1816 414 1853 de
424 1816 509 1864 capitulo
526 1817 580 1865 quod
591 1827 643 1854 anno
660 1815 770 1854 12621010-

103 1884 200 1922 brandum
211 1889 257 1922 erat.

124 2065 144 2104 [ii
156 2062 264 2101 Bullarium,
274 2062 287 2095 I.
297 2072 322 2104 17.
330 2080 349 2085 -
360 2062 479 2094 «Secundum
490 2062 630 2095 constitutiones
647 2062 726 2104 ejusdem
742 2074 770 2095 or·

102 2120 149 2153 dinis
162 2121 212 2163 prior
224 2120 279 2163 ipsius
289 2119 320 2163 qui
333 2131 365 2162 pro
374 2128 454 2161 tempore
465 2120 518 2152 luerit
527 2131 535 2152 n
546 2120 635 2162 prioratus
643 2120 702 2153 officio
712 2123 769 2154 ahsol-

101 2180 117 2213 vi
127 2189 145 2212 et
157 2179 305 2221 anioveripotest
316 2190 325 2211 a
338 2177 544 2220 diffinitoribuscopituli
554 2178 642 2220 generalis
654 2191 667 2210 a.

121 2238 147 2279 (2)
158 2237 281 2280 Chronologin
291 2236 332 2269 vitae
344 2237 362 2269 Sl
376 2236 456 2269 Simonis
467 2237 529 2277 Stocli,
542 2237 560 2268 in
575 2237 630 2270 Vinea
640 2237 723 2271 Carmeli
736 2250 768 2272 au-

101 2303 151 2329 ctore
162 2297 180 2330 P.
189 2295 266 2328 Daniele
277 2294 369 2338 iaVirgine
376 2294 441 2336 Maria,
451 2296 559 2337 Antwerpiae
569 2295 617 2338 rota,
625 2296 644 2328 P.
654 2306 693 2338 410.

121 2354 149 2398 (3)
159 2354 192 2388 ills
199 2353 267 2397 Harley
276 2354 320 2387 3838
341 2354 450 2399 (Ariglorum
460 2353 552 2397 Heliades]
566 2353 609 2397 Cup.
619 2365 654 2387 xxi.
