1631 2703
314 112 394 155 auenrcn
405 112 424 141 ur
683 113 710 159 ῃ

36 189 127 230 fratribus
140 187 233 226 ordinari.
246 188 265 225 ln
278 189 351 227 nostris
361 193 426 226 autem
437 188 491 232 locis,
505 188 540 227 ubi
556 190 615 245 frater
627 187 708 238 incoepe·

37 262 61 299 rit
69 257 170 302 infirmari,
181 257 207 296 ibi
217 269 293 296 moram
304 258 366 303 faciat,
380 259 443 297 donec
454 259 584 303 convaluerit,
597 258 634 297 nisi
650 258 674 297 de
688 258 710 296 li-
724 300 725 303 Ἴ

37 328 99 369 centia
112 327 182 377 prioris
199 327 295 377 generalis
307 332 341 366 aut
350 327 475 377 provincialis
487 339 580 367 excausa
592 328 647 366 aliter
658 328 711 366 ordi-

38 404 93 439 netur
102 403 121 436 et
133 396 259 447 provideatur
270 397 286 435 ei
300 397 352 436 sicut
365 398 457 437 fratribus
469 398 493 436 de
505 403 605 436 conventu
617 397 708 437 infirmis.

64 466 83 505 6.
94 467 185 506 Districte
196 466 309 505 inhibemus
321 467 482 516 provincialibus,
496 467 534 505 sub
544 479 603 517 poena
615 467 711 517 gravioris

39 539 101 587 culpae
113 548 147 587 per
160 536 195 574 XX
206 537 254 590 dies,
265 537 320 585 quod
332 549 373 575 non
385 537 499 586 permittant
513 537 590 586 aliquos
605 538 675 576 fratres
691 537 711 575 in

37 607 78 647 suis
98 605 203 656 provinciis
220 606 327 645 existentes
344 606 372 644 uti
390 606 472 645 scientia
484 606 593 652 medicinae,
607 605 645 644 nisi
662 606 711 645 adeo

38 677 77 715 sint
96 674 186 713 instructi
208 675 227 713 in
245 675 337 724 praedicta
354 675 442 722 scientia,
464 675 518 724 quod
536 676 578 714 sine
593 674 680 725 periculo
692 680 712 719 et

38 746 129 785 scandalo
141 744 216 784 ordinis
228 756 249 783 ea
258 745 337 794 possint
346 744 428 795 operari.

39 863 42 865 ’
103 863 165 902 Ruan.
180 862 222 902 Vlll.
236 863 264 901 De
275 873 410 901 urnunonreus
421 851 645 906 transmaritimum
675 852 679 857 ’
699 852 712 899 ζ’

67 991 84 1018 r.
97 980 182 1019 Minutio
197 982 279 1019 fratrum
292 981 388 1029 generalis
403 986 472 1029 quater
488 981 522 1019 frat
537 980 556 1018 in
569 974 636 1028 annor·
649 974 713 1029 prima

38 1054 83 1099 post
92 1046 157 1089 Natale
168 1050 256 1097 Domini,
269 1050 357 1088 secunda
369 1054 415 1099 post
426 1050 571 1094 Pascha,‘tertia
583 1055 630 1104 post
638 1042 713 1089 fesruhi

38 1119 88 1157 beati
94 1118 175 1167 Joannis
185 1114 284 1169 Baptistae,
303 1124 371 1167 quarta
383 1123 429 1157 ante
440 1104 514 1157 festum
526 1118 601 1157 Sanctae
613 1119 680 1174 Crucis
692 1111 712 1156 in

38 1188 155 1237 Septembri.
171 1189 191 1226 ln
206 1188 237 1227 his
255 1192 341 1237 quatuor
359 1188 504 1227 minutionibus
521 1189 627 1226 comedant
643 1189 714 1243 fratres

39 1257 109 1296 minuti
119 1262 172 1296 extra
184 1257 308 1296 refectorium
324 1262 342 1296 et
356 1257 440 1296 habeant
458 1257 597 1296 recreationem
610 1257 674 1312 tribus
685 1248 715 1310 di'ss

39 1327 87 1365 ebus
94 1328 119 1365 de
131 1327 242 1366 communi.
255 1327 300 1365 Non
312 1332 379 1366 autem
389 1328 439 1365 ultra
448 1327 533 1377 primam
545 1331 625 1381 noctem
634 1326 671 1365 nisi
683 1318 714 1365 coj

39 1401 97 1445 gente
109 1394 316 1435 necessitateachoro
324 1408 345 1435 se
354 1396 440 1435 debeant
451 1397 575 1435 absentare.¹
660 1389 672 1395 ”

65 1477 84 1504 2.
100 1466 120 1503 ln
132 1465 201 1504 ceteris
211 1477 258 1504 vero
268 1465 413 1504 minutionibus
426 1466 531 1504 comedant
542 1467 613 1504 fratres
624 1465 643 1502 in
654 1459 714 1503 refecss

40 1534 90 1572 torio
102 1534 140 1573 nisi
150 1534 202 1584 prior
213 1534 283 1573 debeat
293 1546 339 1573 cum
352 1535 417 1583 aliquo
430 1534 582 1573 misericorditer
592 1521 716 1583 dispensares

39 1603 174 1652 Nullus(Fol.
191 1604 331 1653 roa)quippe
349 1601 431 1642 fratrum
448 1604 581 1642 minutionem
598 1604 654 1641 faciat
670 1604 717 1656 sine

0 1690 3 1721 ς
41 1672 193 1722 licentiaprioris
205 1673 243 1712 sub
255 1684 313 1722 poena
325 1673 390 1723 gravis
402 1674 471 1723 culpae.

66 1753 85 1791 3.
98 1743 172 1781 Rasura
186 1747 251 1781 autem
262 1744 344 1781 fratrum
361 1742 395 1780 fiat
407 1754 441 1791 per
453 1747 517 1781 totum
530 1753 605 1780 annum
619 1737 643 1780 de
656 1734 718 1797 quin-⁴

42 1810 90 1849 dena
101 1812 121 1849 in
133 1811 262 1860 quindenam,
274 1812 311 1850 nisi
324 1817 403 1861 propter
415 1812 501 1861 aliquam
520 1812 665 1849 solemnitatem
681 1804 718 1849 imss'

0 1873 1 1915 Ξ
42 1879 150 1919 minentem
160 1881 191 1920 vel
203 1881 304 1919 modicum
316 1885 406 1931 oporteat
418 1881 527 1930 praevenire
535 1882 567 1919 vel
578 1881 660 1919 tardare.
715 1867 720 1875 ’Λ

159 1998 220 2037 Runa.
231 1998 262 2036 lX.
275 1998 303 2035 De
312 2008 421 2036 uosrrrruus
432 2009 456 2036 er
467 2008 616 2037 trinenannous.

72 2124 88 2152 1.
99 2114 209 2154 Statuimus
229 2115 284 2164 quod
294 2115 369 2164 priores
385 2115 453 2154 fratres
466 2120 546 2153 nostros
556 2115 671 2153 itinerantes
684 2114 719 2154 deet

41 2186 86 2219 vole
95 2184 189 2233 recipiant
202 2189 222 2223 et
233 2184 261 2222 eis
279 2185 388 2223 secundum
409 2183 545 2223 necessitatem
558 2196 614 2222 suam
630 2188 649 2221 et
663 2183 719 2221 labo-

43 2261 83 2288 rem
95 2252 115 2290 in
124 2252 242 2292 victualibus
254 2253 371 2303 provideant
382 2253 494 2302 diligenter,
508 2254 583 2291 nullam
596 2263 676 2291 causam
694 2253 719 2289 al-

41 2318 135 2370 legantes,
151 2326 173 2360 ut
185 2322 268 2361 charitas
286 2327 355 2361 mutua
372 2316 470 2367 foveatur,v
487 2315 525 2360 sub
540 2333 600 2371 poena
619 2321 716 2371 gravioris

0 2445 1 2449 Ἰ
43 2389 105 2438 culpae
116 2392 176 2441 perV
188 2392 229 2431 dies
243 2392 425 2441 transgressoribus
439 2392 553 2441 infligenda.
571 2393 647 2430 Fratres
662 2391 720 2436 itine-

625 2487 633 2514 a
678 2487 680 2490 .
