1631 2703
87 89 112 141 96
339 99 498 131 consrrrunones

87 175 195 221 intimetur,
206 187 233 225 qu
249 177 323 215 deloco
333 182 351 215 et
360 188 395 215 sua
404 177 517 227 poenitentia
527 177 557 216 vel
569 176 691 227 expeditione
700 176 753 224 iuxta

87 254 122 281 sua
140 243 234 282 demerita
250 245 325 294 absque
339 245 430 284 dilatione
441 245 504 293 aliqua
522 245 591 283 habeat
602 245 698 284 ordinare.
714 245 754 292 Nec

86 313 141 351 aliter
151 313 250 362 capientes
261 318 360 363 apostatas
372 318 391 352 et
402 314 497 363 fugitivos
508 314 582 352 ordinis
594 327 605 352 a
616 314 668 353 dicto
680 325 753 352 carcere
785 333 786 336 =

86 382 162 419 valeant
173 382 260 420 liberare.
273 382 292 420 Si
304 393 350 421 vero
364 384 382 421 in
395 383 484 432 captione
497 383 564 422 talium
583 383 704 433 negligentes
714 383 753 420 lue-

86 450 125 488 rint
136 451 166 489 vel
175 451 195 488 in
207 451 337 499 expeditione,
355 448 393 503 [ut]
411 451 517 500 superioris
529 451 615 489 officium
628 455 751 500 usurpantes,

86 530 151 567 poenae
162 520 257 568 gravioris
265 521 328 569 culpae
336 532 371 569 per
382 521 398 558 X
412 520 453 558 dies
465 520 519 569 ipsos
533 521 627 559 volumus
646 520 751 569 subjacere.

85 600 105 638 3.
118 588 157 633 Qn
176 593 241 626 autem
259 589 283 626 ab
300 588 369 626 ordine
385 594 453 626 nostro
470 589 607 637 apostataverit
620 599 665 626 cum
686 588 753 626 habitu

86 657 116 694 vel
128 657 171 695 sine
182 656 256 704 habitu,
268 661 286 695 et
300 644 412 695 scandalum
426 668 465 694 non
483 657 611 704 commiserit,
627 667 663 694 nec
674 661 753 705 propter

87 736 166 763 enorme
175 725 246 763 crimen
255 725 343 763 ordinem
353 725 439 769 exiverit,
453 724 496 762 licet
505 725 572 763 eadem
581 725 612 762 die
619 726 648 762 vel
655 725 704 763 infra
715 729 754 763 ter·

24 799 29 810 ·
87 794 136 831 tium
147 793 198 831 diem
207 793 290 838 redierit,
299 803 378 842 poenam
385 793 465 831 carceris
477 804 510 841 per
516 793 550 831 XX
556 793 597 831 dies
604 792 726 831 sustinebit*
734 793 753 831 Si

33 886 36 890 ·
56 848 67 867 ’ζ
87 867 152 900 autem
164 862 213 900 ultra
225 861 313 900 diestres
324 861 475 918 extraordinem
485 872 561 899 moram
573 851 645 906 fecerit,
658 862 693 899 sed
704 861 754 900 inira

5 940 69 996 mmig-
86 930 138 968 diem
148 930 321 978 quadragesimum
334 940 422 967 reversus
431 929 495 972 fuerit,
506 941 541 978 per
546 930 576 967 xt
585 930 626 968 dies
638 930 701 968 eidem
711 941 753 979 poe÷

26 1019 51 1038 nes
87 1010 118 1036 nae
137 998 251 1047 subjacebit.
264 998 291 1050 *Si
306 1009 353 1036 vero
370 998 415 1047 plus
434 1009 494 1047 quam
510 998 539 1036 XL
553 997 594 1036 dies
614 998 633 1036 in
655 999 753 1048 apostasia

10 1053 67 1081 Mem*
86 1068 151 1111 suerit,
165 1078 205 1104 non
217 1067 287 1116 poterit
296 1067 346 1104 infra
354 1077 428 1104 annum
439 1077 472 1115 per
483 1066 542 1104 alium
555 1078 614 1115 quam
627 1078 661 1115 per
669 1068 752 1116 priorem

11 1097 63 1122 lanen-

27 1146 49 1163 πε
86 1136 195 1184 generalem
207 1136 237 1174 vel
255 1135 393 1183 provincialem
404 1136 434 1173 vel
449 1146 483 1183 per
494 1135 600 1183 capitulum
613 1135 731 1184 provinciale
742 1148 753 1174 a

11 1181 55 1255 Ἢ
86 1204 138 1242 dicto
150 1215 225 1242 carcere
234 1203 316 1248 liberari,
330 1204 391 1241 donec
403 1208 457 1241 tanto
468 1207 557 1252 ternpore
570 1203 657 1242 fueritin
669 1215 752 1250 carcere,

6 1264 69 1339 §iffi
87 1277 162 1320 quanto
170 1271 277 1310 constiterit
285 1272 351 1321 ipsum
358 1275 411 1309 extra
419 1272 507 1309 ordinem
516 1276 606 1309 nostrum
613 1272 752 1321 permansisse.

87 1351 106 1387 4.
119 1340 137 1378 Si
150 1344 215 1378 autem
225 1351 259 1388 per
267 1351 342 1378 annum
353 1341 384 1378 vel
396 1340 441 1388 plus
452 1344 505 1377 extra
518 1340 607 1377 ordinem
619 1352 694 1379 moram
704 1342 753 1379 sece-

87 1409 117 1456 nt,
131 1420 170 1446 non
183 1409 253 1457 poterit
265 1420 299 1457 per
312 1408 371 1445 alium
384 1419 443 1456 quarn
455 1419 489 1457 per
501 1408 584 1457 priorem
596 1409 706 1457 generalem
721 1410 752 1447 vel

86 1489 120 1526 per
129 1477 235 1525 capitulum
248 1476 364 1525 provinciale
373 1488 383 1514 a
393 1487 466 1514 carcere
476 1475 568 1525 expediri.
584 1487 601 1525 5.
615 1476 633 1515 Si
643 1482 708 1515 autern
721 1473 754 1515 ali-v

86 1546 130 1594 quis
142 1546 199 1583 frater
209 1545 234 1583 ab
246 1545 314 1582 ordine
326 1550 394 1582 nostro
405 1556 450 1582 curn
463 1545 555 1582 scandalo
566 1546 710 1594 apostataverit,
723 1547 753 1584 vel

86 1614 105 1651 in
120 1615 216 1663 apostasia
231 1614 317 1652 existens
330 1614 419 1651 ordinem
437 1613 603 1658 scandalizaverit,
622 1625 656 1652 seu
675 1619 754 1663 propter

85 1683 158 1720 crimen
175 1694 256 1720 enorme
265 1681 354 1720 ordinem
367 1681 452 1726 exiverit,
471 1682 502 1719 vel
516 1683 576 1719 fracto
588 1694 662 1720 carcere
674 1683 751 1732 fugerit,

85 1756 190 1800 postquam
210 1761 244 1800 per
258 1762 279 1788 se
293 1750 317 1788 ad
333 1750 421 1788 ordinem
434 1749 517 1795 redierit,
531 1751 561 1789 vel
576 1762 610 1799 per
623 1751 671 1789 alios
685 1756 754 1799 captus

86 1819 150 1862 suerit,
161 1830 202 1856 non
212 1819 274 1857 valeat
283 1829 316 1867 per
324 1818 384 1856 alium
398 1830 457 1866 quam
469 1830 503 1866 per
511 1819 595 1866 priorem
604 1817 715 1868 generalem
723 1821 753 1858 vel

87 1899 120 1936 per
131 1887 238 1936 capitulum
248 1887 337 1935 generale
348 1898 382 1924 seu
393 1886 528 1934 provincialea
539 1897 613 1925 carcere
625 1887 699 1926 ordinis
708 1888 754 1926 libe—

88 1957 131 1993 rari.

149 2163 386 2241 FONTINUAEITUR
402 2180 534 2227 SEQJENTI
558 2181 700 2212 Fuscrcuuo
751 2225 754 2228 ,

100 2422 217 2434 mmm

276 2445 339 2472 Lininu.
347 2458 364 2466 -
377 2444 400 2472 Ex
407 2445 444 2480 typis
451 2444 521 2472 Abbanae.
