1631 2703
45 167 702 331 amorraeos

104 469 271 554 arouaamra
295 503 438 554 rusraarm
462 503 649 555 rainardum

115 762 164 810 (For.
182 772 187 798 1
198 765 216 810 a)
235 765 368 806 Quaestiones
379 766 401 798 in
413 766 535 809 receptione
546 760 629 800 novitii.

62 927 96 964 Hae
107 929 154 964 suut
164 926 286 973 quaestiones
294 938 337 974 quae
350 927 411 974 quaeri
424 927 505 964 solenta
517 927 592 965 novitio
604 931 711 974 antequam

37 994 147 1043 recipiatur,
159 994 193 1032 sed
204 1006 243 1032 non
254 1006 324 1033 omnes
336 995 360 1032 ab
370 995 471 1034 omnibus.
480 996 578 1039 Quaedam
588 1008 598 1033 a
602 996 711 1045 iuvenibus

37 1064 153 1105 scolaribus,
162 1074 206 1111 quae
215 1075 255 1101 non
263 1064 287 1101 ab
297 1064 368 1102 adultis
380 1065 484 1113 3quredam
494 1065 518 1102 ab
530 1065 602 1103 adultis
613 1075 658 1112 quae
671 1076 711 1102 non

37 1145 47 1170 a
57 1132 205 1178 sacerdotibus;
217 1133 307 1182 qaaeaam
325 1134 349 1171 ab
364 1133 492 1183 ignotisque
505 1145 545 1172 noa
557 1146 568 1171 a
578 1133 630 1172 notis
644 1144 712 1183 ;quae-

37 1203 101 1239 darna
117 1202 191 1240 clericis
204 1213 248 1250 quae
261 1213 300 1247 non
311 1214 321 1239 a
334 1202 392 1240 laicis.
406 1203 472 1245 Qram
483 1203 629 1251 distinctionem
640 1203 712 1241 discer-

38 1275 70 1308 nat
78 1271 173 1309 discretus
184 1270 285 1319 recipiens.
297 1272 316 1308 ln
327 1271 395 1319 primis
403 1276 470 1309 utrum
477 1272 502 1310 sit
511 1272 575 1310 liberae
585 1271 711 1310 conditionis.

36 1340 126 1377 Secundo
144 1344 211 1377 utrum
222 1339 247 1377 sit
263 1339 370 1388 legitimus.
384 1340 449 1378 Tertio
465 1346 531 1378 utrum
536 1371 593 1379 .......
597 1372 603 1384 Ἴ.
614 1341 644 1388 (1)
655 1341 712 1378 alicui

36 1409 105 1446 morbo
115 1409 145 1445 vel
155 1408 180 1445 sit
188 1408 312 1457 conjugatus.
320 1409 399 1451 Qrarto
409 1414 476 1446 utrum
484 1410 554 1448 debitis
561 1409 681 1447 notabilibus
687 1410 712 1447 sit

36 1478 141 1526 obligatus.
154 1477 229 1522 Quinto
242 1482 308 1515 utrum
318 1478 401 1527 alicujus
411 1478 511 1528 religionis
524 1478 712 1516 mendicantiumsit

37 1548 144 1593 professus.
152 1545 211 1582 Serto
220 1551 287 1583 utrum
298 1547 367 1583 lrabeat
375 1548 488 1584 membrum
499 1548 579 1595 aliquod
586 1548 709 1585 mutilatum.

36 1613 124 1663 Septimo
140 1620 207 1652 utrum
223 1626 281 1652 usum
295 1616 325 1652 vel
338 1626 419 1653 sensum
430 1616 512 1665 alicujus
521 1616 605 1653 membri
615 1616 709 1653 amiserit.

36 1683 109 1721 Octavo
122 1688 189 1722 utrum
205 1685 350 1721 deformitatem
362 1691 489 1734 apparentem
506 1686 526 1722 in
539 1697 621 1734 corpore
633 1685 710 1723 habeat.

36 1752 93 1790 Nono
105 1759 173 1791 utrum
181 1753 274 1801 dealiqua
288 1754 356 1791 lraeresi
366 1755 394 1791 vel
404 1754 443 1791 fide
458 1755 551 1792 catholiea
560 1755 585 1792 sit
597 1760 710 1803 suspectus.

36 1823 117 1860 Decimo
129 1828 196 1861 utrum
205 1823 281 1860 fuerita
294 1828 361 1861 nostro
374 1825 442 1861 ordine
454 1825 566 1873 proaliquo
579 1825 626 1861 vitio
643 1826 712 1872 expul-

37 1902 77 1935 sus,
89 1892 185 1929 ueletiam
198 1893 222 1929 ab
234 1892 299 1940 aliquo
310 1893 347 1930 alio
356 1893 430 1937 ordine,
439 1898 626 1942 quantumcumque
635 1893 710 1936 laxiori,

37 1960 119 1998 scienter
130 1961 210 2009 ejectus,
224 1962 334 1999 Undecimo
343 1968 409 2000 utrum
422 1963 507 2011 aliquam
516 1963 650 2000 infirmitatem
664 1964 712 1999 cela-

36 2028 91 2066 verit.
102 2029 224 2067 Duodecimo
235 2036 301 2068 utrum
309 2032 379 2069 lrabeat
386 2032 466 2080 aliquod
474 2031 640 2080 impedimentum
647 2043 712 2080 recep-

30 2088 96 2136 tionis
109 2099 183 2137 ordinis
201 2100 257 2137 sacri.
270 2100 335 2138 Tertio
351 2100 428 2138 decimo
443 2106 510 2138 utrum
529 2102 619 2139 habuerit
636 2112 711 2138 annum

59 2246 77 2285 (¹)
87 2245 116 2278 Ob
133 2245 219 2289 injuriam
232 2247 319 2290 temporis
329 2247 384 2279 multa
398 2247 416 2280 in
426 2248 460 2281 hae
472 2248 529 2291 prima
539 2248 604 2292 pagina
616 2247 711 2291 illegibilia

39 2311 134 2337 eraserunt
152 2316 193 2348 quae
196 2330 228 2338 .....
239 2305 314 2349 signari.
334 2306 361 2339 Cf.
372 2306 418 2340 inira
430 2308 486 2340 Rubr.
498 2308 541 2340 Xlll
551 2307 583 2340 ubi
593 2308 632 2340 haec
648 2307 711 2339 eadem

38 2359 108 2402 plenius
117 2363 213 2398 habemur.
