1616 2703
70 142 109 181 3²4
336 140 485 170 aouorarroues

68 216 126 269 bolus
136 217 195 269 bonno
207 220 278 269 „eorum
288 216 349 266 operi
363 221 387 270 et
398 216 458 266 hujus
468 215 567 269 religionis
577 214 741 271 multiplicationi,

69 286 125 324 nisus
137 287 174 324 ruit
190 298 232 323 earn
253 286 355 334 impedire.
372 285 508 331 Quamobrem
526 284 612 333 incitavit
624 290 709 323 rectores
723 289 743 323 et

67 360 146 394 curatos
156 355 297 411 parochialium
307 355 433 394 ecclesiarum
442 356 538 411 adversus
550 356 617 393 fratres
629 354 741 404 praedictos.

67 425 106 471 Qii
117 425 210 463 fratribus
222 436 262 463 non
273 410 444 474 permittebant'in
454 436 524 463 eorum
540 424 665 463 monasteriis
677 425 743 463 divina

65 495 163 542 celebrare
176 506 211 533 nec
221 497 343 544 sepulturam
359 495 451 534 iratribus
463 494 498 544 sui
508 494 588 545 Ordinis
596 494 743 546 habere-‚Cum-

67 575 107 613 que
118 566 186 603 tratres
196 565 220 602 ad
232 564 325 603 dominos
337 565 460 603 dioecesanos
472 575 508 613 pro
520 563 671 615 compescendis
682 568 743 614 recto,-

68 634 122 672 ribus
141 640 160 672 et
172 635 244 673 curatis
256 634 429 683 agravaminibus
443 633 541 682 praedictis
553 637 687 684 recurrerent,¹
695 644 743 687 sup-

67 703 161 751 plicantes
171 703 245 741 eisdem
258 709 280 742 ut
289 704 313 747 de
321 704 397 741 licentia
405 715 474 741 eorum
487 707 505 741 et
516 703 579 753 gratia
590 707 672 752 possent
684 703 704 740 in
715 704 743 752 lo·

65 772 93 819 cis
103 783 143 811 suae
153 771 252 821 religionis
266 772 331 810 divina
344 773 440 810 celebrare
449 777 468 809 et
482 772 604 820 sepulturam
616 772 698 809 fratrum
711 770 741 810 sui

66 841 146 888 Ordinis
158 842 236 886 habere,
247 829 481 891 responderuntpraelati,
496 842 550 890 quod
562 852 608 879 curn
621 841 662 879 haec
674 840 741 891 religio

66 916 119 957 esset
136 911 163 949 eis
176 910 249 960 ignota,
263 910 346 960 gratiam
359 911 478 960 postulatam
490 910 582 949 fratribus
595 921 634 948 non
646 910 742 949 concede-

66 985 110 1018 rent
127 980 190 1018 donec
206 991 266 1028 super
281 979 389 1029 praemissis
406 980 541 1025 intentionem¹
551 979 626 1018 summi
643 979 741 1028 pontificis

65 1049 144 1087 scirent.
156 1049 389 1099 Eapropterdictiiratres
398 1049 501 1087 iterumad
510 1059 615 1087 summum
625 1048 739 1099 pontificem

64 1116 200 1157 Innocentium
213 1118 237 1157 lV
250 1123 382 1166 accesserunt,
400 1118 430 1156 cui
442 1117 542 1157 humiliter
551 1117 710 1168 supplicaverunt
718 1122 741 1156 ut

65 1187 180 1236 dignaretur
200 1188 285 1236 praelatis
307 1187 398 1232 scribere,
412 1186 449 1225 sibi
470 1198 511 1225 non
523 1198 567 1225 esse
578 1186 694 1236 displicibile
706 1186 741 1225 sed

65 1256 154 1304 placibile
165 1256 181 1294 si
193 1256 291 1294 licentiam
309 1256 402 1295 fratribus
416 1256 546 1294 concederent
556 1256 666 1294 celebrandi
675 1255 740 1294 divina

64 1324 90 1380 in
99 1336 169 1380 eorum
182 1326 230 1364 locis
247 1330 266 1363 et
281 1325 365 1364 habendi
380 1325 460 1364 liberam
475 1326 597 1375 sepulturam
614 1325 697 1363 fratrum
709 1324 740 1363 sui

63 1389 153 1439 Ordinis..
163 1392 252 1433 Pontifex
264 1399 330 1433 autem
347 1395 452 1444 praedictus
470 1394 539 1433 humili
557 1381 639 1432 fratrum
649 1385 739 1442 petitioni

63 1454 154 1514 annuens
173 1474 233 1513 super
252 1463 365 1513 praemissas
384 1463 496 1513 scripsit...
517 1476 528 1502 >›
545 1463 637 1513 Sequitur
650 1462 703 1501 bulla
714 1472 739 1511 27

58 1521 103 1579 Julii
118 1543 167 1581 1247
177 1532 274 1582 incipiens
280 1533 404 1582 Paganorrrrn
412 1533 499 1571 incamus
507 1532 545 1584 (r).
556 1533 620 1581 Pergit
629 1533 737 1570 Sanvicus:

61 1614 71 1638 c
84 1601 134 1640 Cum
148 1606 215 1640 autern
228 1602 329 1651 praedictas
341 1602 415 1641 summi
431 1601 529 1651 pontificis
544 1602 617 1640 litteras
626 1603 695 1640 fratres
705 1601 739 1642 d0÷
793 1616 794 1619 ¹

60 1671 119 1709 mirus
137 1671 255 1710 dioecesanis
267 1672 402 1716 ostenderent,
422 1672 502 1720 quidam
524 1672 650 1721 praelatorum
668 1682 738 1709 renue·

60 1746 107 1785 runt
116 1741 144 1787 eis
157 1741 265 1778 concedere
277 1741 375 1779 licentiam
388 1741 497 1779 celebrandi
513 1739 578 1779 divina
590 1741 610 1778 in
629 1740 677 1778 locis
693 1734 738 1794 quae

61 1798 186 1847 habebantin
195 1810 284 1859 ipsorum
296 1810 422 1857 dioecesibus,
433 1815 452 1847 et
461 1810 544 1848 habendi
552 1810 572 1847 in
581 1809 638 1850 dictis
647 1809 695 1847 locis
708 1821 739 1851 se-,

61 1880 161 1928 pulturam
173 1880 255 1917 fratrum
264 1879 294 1918 sui
308 1879 394 1918 Ordinis.
408 1880 446 1917 Alii
456 1883 521 1917 autem
534 1891 558 1917 ex
567 1879 651 1927 praelatis
661 1890 738 1928 compa·

60 1948 132 1986 tientes
149 1949 241 1987 fratribus
262 1949 377 1996 hujusmodi
389 1949 486 1986 licentiam
502 1949 612 1986 celebrandi
630 1937 706 1987 divina
717 1949 736 1985 in
791 1941 793 1976 ἶ

59 2017 107 2055 locis
117 2017 141 2054 de
150 2016 222 2066 quibus
232 2022 272 2055 erat
281 2017 373 2055 fratribus
381 2018 483 2066 provisum
491 2018 511 2055 in
518 2017 606 2066 ipsorum
616 2016 736 2055 dioecesibus
790 2022 792 2049 ἑ

65 2193 110 2241 .’(ι)
126 2196 193 2230 Bullar.
207 2197 285 2229 Carmel,
296 2197 310 2238 l,
320 2197 337 2229 8.
348 2197 394 2229 Cum
404 2196 454 2229 bulla
466 2196 500 2229 ista
510 2197 552 2230 data
561 2196 615 2230 fuerit
625 2196 735 2240 «Lugduni,

57 2257 82 2289 Vl
93 2256 133 2289 Kal.
143 2256 227 2299 Augusti,
242 2254 360 2299 pontificatus
369 2255 427 2289 nostri
443 2266 491 2288 anno
500 2255 565 2299 quinto
575 2268 583 2287 n
596 2255 654 2299 liquet
662 2266 703 2289 earn
712 2267 735 2301 27

56 2314 100 2347 Julii
118 2325 160 2357 1247
178 2324 284 2347 concessam
299 2320 344 2354 esse,
357 2321 375 2346 et
393 2314 467 2356 quidem
479 2322 519 2357 post
528 2313 629 2357 capitulum
640 2314 737 2360 Aylesfor-v

56 2372 119 2406 diense
129 2375 189 2417 (supr-a
199 2373 218 2406 P.
229 2373 268 2408 arbl
281 2383 318 2405 non
327 2382 396 2406 veroa.
416 2373 465 2415 1246,
475 2373 502 2406 uri
517 2373 572 2406 habet
588 2371 676 2407 Sanuicus
691 2373 704 2406 l.
717 2383 737 2406 c.‘
788 2375 790 2377 '

56 2442 117 2476 neque
127 2432 170 2474 1248
180 2439 199 2465 ut
208 2430 272 2466 scribit
281 2429 388 2465 bullarium.
419 2459 422 2465 .
471 2463 473 2465 ,
494 2463 497 2466 Α
534 2458 538 2466 ,
600 2440 602 2442 ’
