1631 2703
95 146 106 171 2
389 143 479 173 nonnum

126 220 182 267 Non
197 236 234 267 me
247 221 327 281 utique
337 218 391 266 latet
398 218 496 266 Ordinis
506 218 591 266 librum
601 219 684 266 Romae
694 217 769 264 adhuc

95 300 199 357 existere,
214 316 261 362 quo
274 300 364 347 lezana
376 298 481 360 allegato,
492 298 520 346 de
529 297 684 360 capitulorum
698 298 769 359 gestis

95 396 156 442 saepe
173 380 258 442 saepius
271 379 394 436 disseruit3
407 378 529 426 sciendum
542 389 619 425 autem
632 376 717 440 librum
739 376 770 425 il—

95 458 152 517 lum,
173 477 244 522 quem
256 460 307 507 Deo
328 459 396 506 dante
412 476 455 506 suo
468 473 573 521 tempore
591 458 694 505 editurus
708 474 780 514 sum‚.

95 556 158 587 anno
172 543 239 601 1362,
253 539 339 587 scilicet
356 551 410 602 post
425 539 552 602 capitulum
565 539 703 586 Trevirense
717 537 770 601 (ul-

95 621 181 667 timum
194 621 218 668 in
237 620 315 667 codice
338 619 433 682 nostro)
455 618 590 666 inchoatum
605 630 627 666 et
647 619 670 666 in
693 634 721 666 eo
742 618 770 666 de

95 699 211 762 prioribus
228 699 333 762 capitulis
347 716 396 746 non
409 700 590 747 constitutiones
612 698 652 746 sed
671 699 770 746 nomina

96 791 189 828 tantum
199 778 335 828 officialium
347 779 566 842 provinciarumque
575 779 704 826 taxationes
718 795 768 826 esse

96 860 123 908 ab
136 859 256 908 oblivione
268 871 409 923 praeservata.
423 859 480 914 Quo
493 859 519 907 fir
532 870 557 907 ut
569 858 626 906 liber
645 857 683 906 ille
696 870 718 906 et
727 875 770 906 co-

95 940 139 987 dex
151 951 231 987 noster
245 955 295 987 sese
311 940 412 987 inuicem
425 938 566 1001 compleant,
578 938 643 1002 quod
665 940 728 987 enim
746 939 770 986 in

95 1036 145 1067 uno
158 1019 300 1067 desideratur
311 1020 336 1067 in
348 1018 419 1067 altero
430 1020 544 1067 insertum
554 1019 679 1067 inuenitur.

129 1100 245 1155 Quamuis
259 1100 441 1148 constitutiones
451 1116 507 1146 mox
517 1099 613 1147 edendae
625 1099 675 1147 aliis
687 1100 770 1147 omni-

97 1179 141 1228 bus
163 1196 215 1243 quae
227 1179 254 1227 ad
267 1196 312 1228 1103
324 1196 399 1242 usque
418 1191 534 1228 uenerunt
554 1180 697 1243 antiquiores
715 1181 770 1238 sint,

98 1277 148 1309 non
158 1271 214 1308 sunt
222 1271 301 1308 tamen
310 1271 336 1308 ut
348 1260 460 1308 omnibus
473 1261 560 1322 priores
577 1259 696 1308 habendae.
707 1260 736 1308 Et
748 1278 771 1309 re

99 1340 194 1403 quidem
203 1357 262 1398 1111,
276 1356 329 1388 cum
346 1339 424 1402 regula
440 1357 452 1386 a
464 1340 489 1387 B.
501 1339 598 1387 Alberto
611 1341 668 1399 circa
681 1357 770 1388 annum

101 1436 162 1468 1210
182 1420 265 1468 tradita
287 1419 401 1482 perbreuis
414 1421 444 1467 sit
457 1431 479 1467 et
500 1420 528 1468 de
548 1420 663 1481 gubernio
681 1421 770 1468 ordinis

98 1501 194 1564 aliisque
202 1500 262 1548 bene
270 1500 350 1548 multis
358 1502 416 1548 scitu
426 1500 519 1548 aliunde
528 1502 662 1549 necessariis
670 1503 771 1550 omnino

97 1592 177 1638 taceat,
190 1580 270 1643 liquet,
283 1579 385 1643 patribus
395 1579 441 1628 11113
453 1581 493 1643 qui
506 1580 585 1629 medio
597 1581 683 1629 saeculo
702 1582 771 1629 111110

98 1661 197 1718 decimo,
211 1660 319 1708 Carmelo
332 1659 419 1718 relicto
432 1660 587 1709 Occidentem
597 1678 678 1709 versus
689 1662 772 1724 migra-

99 1753 159 1800 runt,
169 1740 228 1789 nihil
241 1741 359 1804 antiquius
373 1740 445 1789 luisse
458 1729 725 1804 111111111111111011111111Ι
738 1758 772 1790 sa-

99 1820 149 1879 luti,
169 1822 253 1869 unitati
269 1838 294 1868 ac
307 1821 452 1884 prosperitati
465 1821 585 1884 providere
601 1834 623 1870 et
635 1822 771 1871 consulere.

100 1901 174 1956 Quod
192 1918 232 1964 per
243 1900 342 1964 plurima
356 1900 454 1964 capitula
467 1901 581 1963 generalia
601 1918 652 1965 quae
669 1902 696 1949 ab
709 1919 772 1951 anno

102 1997 161 2044 1247
174 1993 209 2029 sat
221 1981 354 2042 regulariter
366 1982 434 2029 tertio
445 1998 539 2045 quoque
549 1999 612 2030 anno
622 1982 699 2030 habita
709 1995 771 2041 sunt,

99 2063 148 2125 jure
172 2062 271 2111 creditur
289 2060 383 2109 lactum.
404 2062 577 2111 Declarationes
597 2079 660 2121 1110,
675 2064 773 2112 institu-

99 2223 210 2286 paulatim
222 2223 318 2280 redacta,
330 2223 430 2286 deruptis
440 2220 498 2280 aliis,
511 2223 561 2271 aliis
574 2223 664 2282 additis,
675 2224 699 2271 in
711 2224 773 2273 codi-

99 2321 150 2352 cem
163 2305 361 2352 constitutionum
375 2304 459 2351 merito
468 2303 612 2352 coaluerunt.

132 2385 155 2433 Si
169 2386 220 2447 quis
239 2395 317 2432 autem
335 2384 450 2433 curiosius
469 2384 578 2445 indagare
595 2383 650 2431 uelit
665 2401 774 2447 quaenam
