1631 2703
310 135 389 163 RUERlCA
403 136 430 162 llll
668 135 703 173 107

34 208 206 258 transgressiones
214 208 320 258 ipsaruma
332 208 466 258 superioribus
478 209 598 258 injungatur,
609 209 646 247 nisi
659 220 704 259 pro-

36 283 77 326 pter
92 282 236 326 contemptum,
253 277 358 315 dicendum
379 282 409 316 est
426 278 449 315 de
464 278 528 326 poenis
544 289 588 326 quae
605 277 703 325 praedictis

35 345 227 395 transgressionibus
238 346 399 395 correspondent.

38 448 41 451 .
63 426 82 453 2.
95 414 149 453 Levis
159 416 216 463 culpa
227 414 285 453 est'si
300 414 345 464 quis
357 416 406 452 male
418 415 502 464 legendo
519 416 548 452 vel
561 416 656 454 cantando
674 417 704 453 oi-

36 484 119 522 tendens
131 494 171 521 non
184 483 249 521 statim
259 494 324 521 coram
334 484 427 521 omnibus
439 495 460 521 se
469 483 600 522 humiliaverit
610 484 703 531 ponendo

37 563 118 590 manum
128 552 155 589 'ad
166 556 244 596 terram,
257 558 290 589 aut
302 552 317 590 si
330 556 440 590 vestesaut
449 551 510 589 libros
521 552 662 591 ecclesiasticos
672 563 705 589 ne-

36 620 134 670 gligenter
142 620 277 658 attrectaverit.
286 632 306 671 3.
321 620 349 658 De
357 620 388 658 his
397 625 417 658 et
426 620 524 658 similibus
535 621 612 658 veniam
622 620 706 669 petenti-

38 691 76 728 bus
88 690 203 740 injungatur
215 701 266 729 unus
278 691 367 739 psalmus
379 690 409 728 vel
418 690 482 739 aliqua
491 689 553 728 oratio
563 689 659 739 specialis.

176 808 236 846 Runa.
252 807 289 845 XL.
305 808 332 845 De
347 818 401 845 praua
411 817 475 845 nauus
489 817 562 845 curere.

67 935 83 962 1.
94 923 156 962 Media
165 924 221 972 culpa
229 929 266 968 est,
277 923 293 962 si
303 923 347 972 quis
357 923 376 961 in
385 923 455 962 divinis
463 924 531 962 officiis
541 923 560 961 in
569 924 654 962 oratorio
666 925 706 962 exi-

39 998 93 1031 stens
104 993 213 1030 inordinate
227 1004 248 1030 se
260 992 349 1030 habuerit
360 997 379 1030 et
393 992 490 1031 levitatem
503 993 575 1031 mentis
589 993 704 1031 ostenderit.

39 1062 58 1100 Si
73 1062 118 1111 quis
132 1062 183 1100 aliud
198 1067 274 1100 cantare
288 1063 318 1099 vel
337 1062 400 1110 legere
417 1062 571 1111 presumpserit,
581 1073 640 1111 quam
650 1060 706 1100 com-

39 1130 106 1169 munis
117 1141 166 1169 usus
176 1130 277 1180 approbat.
291 1130 310 1168 Si
325 1130 369 1178 quis
378 1135 456 1179 turpem
466 1141 578 1168 sermonem
590 1131 620 1168 vel
632 1131 707 1169 vanilo-

40 1198 109 1248 quium
125 1198 144 1236 in
161 1210 199 1237 usu
216 1199 311 1237 habuerit.
331 1198 349 1236 Si
369 1198 413 1247 quis
432 1198 452 1236 in
470 1199 535 1237 officio
553 1199 590 1237 sibi
613 1199 706 1248 deputato

40 1268 144 1317 negligens
159 1273 246 1317 repertus
257 1267 322 1306 tuerit.
338 1267 356 1305 Si
369 1267 414 1317 quis
424 1277 534 1306 'commune
547 1268 669 1313 mandatum,
682 1269 706 1306 ad

39 1337 93 1387 quod
104 1341 159 1375 totus
168 1341 278 1375 conventus
286 1336 464 1382 tenetur‚·scienter
474 1337 577 1375 dimiserit.
590 1337 662 1390 Siquis
674 1337 708 1375 ali-

39 1416 100 1455 quem
115 1406 231 1444 servientem
254 1406 284 1443 vel
295 1406 359 1443 'alium
379 1406 492 1444 saecularem
510 1410 544 1444 aut
558 1406 665 1455 regularem
683 1407 707 1444 ad

40 1459 106 1512 cellam
116 1486 171 1513 suam
182 1476 211 1513 vel
219 1474 299 1513 alterius
307 1476 381 1523 absque
391 1474 467 1512 licentia
476 1486 546 1512 vocare
551 1475 705 1524 praesumpserit.

41 1556 59 1581 2.
73 1544 100 1582 De
112 1544 228 1592 supradictis
237 1543 299 1592 culpis
310 1549 329 1581 et
338 1544 435 1582 similibus
449 1544 526 1581 veniam
539 1543 658 1592 petentibus,
673 1544 707 1582 fiat

40 1612 100 1651 unius
112 1612 236 1650 correctionis
247 1612 348 1661 disciplina
359 1624 404 1651 cum
416 1617 446 1650 tot
458 1605 538 1661 psalmis
550 1618 599 1661 quot
614 1612 630 1650 ei
642 1614 708 1662 placu-

41 1680 76 1719 erit
86 1681 119 1730 qui
128 1681 212 1730 capitulo
222 1680 340 1730 praesidebit.

177 1799 237 1837 Runa.
250 1798 294 1836 XLl.
308 1799 335 1836 bs
350 1809 404 1836 emur
418 1808 484 1836 onnus
498 1808 568 1837 CULPAE.

71 1926 87 1953 1.
100 1914 168 1954 Gravis
180 1915 236 1964 culpa
246 1919 282 1969 est,
295 1915 311 1953 si
324 1914 368 1963 quis
377 1915 397 1953 in
407 1914 504 1953 audientia
516 1914 639 1953 saecularium
651 1914 709 1952 inbo-

42 1989 97 2023 neste
108 1995 153 2022 cum
165 1984 230 2033 aliquo
245 1984 374 2022 contenderit.
389 1984 412 2040 lit
428 1984 444 2022 si
460 1985 515 2022 trater
526 1995 571 2022 cum
583 1985 641 2022 tratre
655 1984 709 2022 intus

42 2054 73 2092 vel
84 2054 131 2107 toris
141 2053 184 2091 lites
196 2053 291 2091 habuerit.
304 2053 322 2091 Si
335 2053 380 2101 quis
389 2064 424 2103 pro
436 2054 501 2102 aliquo
511 2053 619 2091 commisso
631 2065 641 2090 a
652 2054 709 2090 tratre

43 2134 79 2161 suo
97 2122 239 2172 indulgentiam
252 2128 304 2172 petat
316 2127 335 2160 et
346 2122 387 2171 ipse
399 2134 409 2159 a
422 2134 461 2171 quo
476 2122 548 2171 petitur
559 2121 636 2160 veniam
652 2133 710 2170 nega-

42 2184 97 2230 verit.
111 2190 129 2230 Si
144 2191 188 2240 quis
199 2191 314 2229 indumenta
329 2192 358 2228 vel
370 2191 433 2239 aliqua
441 2190 477 2229 alia
488 2189 541 2228 alleri
552 2189 605 2228 fratri
616 2190 660 2228 data
679 2179 716 2227 vel'

43 2253 137 2299 concessa
145 2255 188 2298 sine
200 2260 269 2309 prioris
280 2260 356 2297 licentia
365 2255 467 2308 acceperit?
479 2259 498 2297 Si
511 2259 554 2308 quis
566 2260 590 2296 de
601 2259 709 2296 inordinata

44 2329 143 2368 locutione
152 2341 197 2368 cum
210 2329 325 2384 mulieribus
334 2328 488 2383 reprehensibilis
496 2327 585 2372 extiterit,
598 2328 650 2365 unde
660 2327 709 2365 mala

45 2398 130 2447 suspicio
142 2399 186 2437 oriri
195 2399 272 2448 poterit.
286 2398 304 2436 Si
317 2398 416 2437 silentium
427 2398 447 2437 in
460 2397 507 2436 locis
515 2395 618 2447 prohibitis
631 2385 671 2436 non
681 2401 710 2434 te-
