1631 2703
100 121 127 174 36
358 133 520 165 constitutiones

101 209 210 247 terminum
220 209 257 247 sibi
269 209 386 258 deputatum
399 221 439 248 non
452 210 550 256 redierint,
562 210 599 248 nisi
611 214 636 248 e'x
647 211 706 248 'causa
718 209 776 247 ratio-

102 279 161 317 nabili
174 285 300 325 excusentur,
312 280 342 318 vel
354 279 370 318 si
382 280 406 318 ad
420 280 480 318 alium
492 281 558 319 locum
570 291 632 329 quam
644 279 668 317 ad
680 278 736 317 illum
751 278 775 316 ad

102 359 163 397 quem
178 348 232 387 missi
248 349 372 396 tuerintvel
384 349 482 387 licentiam
492 350 551 387 eundi
564 348 675 392 habuerint,
691 347 775 386 declina-

101 418 173 463 verint,
187 418 224 457 nisi
244 418 353 468 periculum
375 418 460 456 notabile
471 420 502 456 vel
518 418 599 456 evidens
618 418 725 456 necessitas
738 418 775 455 hoc

102 487 193 537 requirat,
207 498 271 537 poenae
282 487 378 536 gravioris
387 489 451 537 culpae
461 489 571 537 secundum
584 488 702 536 exigentiam
717 487 776 525 delic-

100 557 115 595 ti
132 557 270 607 subjacebunt.
292 568 321 608 13.
334 557 381 595 ltem
398 558 466 596 iratres
479 569 513 607 per
524 557 621 595 licentiam
636 558 667 596 vel
682 556 776 595 obedien—

100 626 148 664 tiam
164 631 259 667 exeuntes
269 627 333 665 socios
345 628 455 665 secundum
467 627 622 676 assignationem
633 627 704 676 prioris
715 627 774 664 habe-

101 703 135 734 ant
146 706 182 743 nec
193 696 242 734 alios
255 696 354 746 recipiant,
371 696 408 735 sub
421 707 481 745 poena
492 696 588 746 gravioris
604 697 667 745 cutpae
686 707 721 745 per
734 702 775 733 tres

101 765 150 803 dies.
170 776 200 813 14.
216 767 263 803 ltem
280 766 387 804 statuimus
398 767 454 816 quod
464 768 533 804 fratres
545 766 633 816 equitare
647 777 688 804 non
700 777 775 814 praesu-

101 836 157 873 mant
168 835 206 873 nisi
223 846 247 873 ex
259 838 332 885 magna
349 836 471 880 necessitate,
485 841 504 874 et
521 849 532 874 a
548 847 586 874 suo
594 835 661 885 'priore
670 836 743 873 tuerint
754 835 776 872 li-

101 903 186 948 centiati,
198 904 235 941 sub
245 915 303 953 poena
311 904 407 953 gravioris
416 906 479 953 culpae
485 910 515 943 tot
524 905 594 943 diebus
603 909 653 954 quot
665 915 776 953 praesump-

101 972 164 1011 serint
171 973 266 1022 equitare.
280 984 310 1021 15.
326 975 373 1011 ltem
385 975 444 1011 trater
455 985 496 1011 non
506 974 564 1012 vadat
575 985 612 1012 nec
620 974 708 1012 mittatur
720 974 775 1011 solus

101 1041 139 1079 nisi
148 1042 173 1079 de
180 1042 258 1080 licentia
269 1042 448 1091 priorisgeneralis
459 1044 490 1082 vel
502 1043 634 1092 provincialis,
648 1042 686 1080 nisi
698 1054 722 1080 ex
735 1054 776 1080 ma-

100 1122 139 1160 gna
151 1111 317 1149 necessitatehoc
329 1111 427 1160 procedat,
438 1112 476 1149 sub
488 1123 547 1161 poena
559 1111 655 1161 gravioris
667 1112 729 1160 culpae
741 1122 775 1160 per

100 1180 135 1217 XX
143 1180 185 1217 dies
197 1185 217 1217 et
228 1181 265 1218 sub
277 1191 337 1229 poena
349 1180 463 1230 privationis
472 1180 527 1219 vocis
539 1186 558 1219 et
569 1180 612 1226 loci,
627 1180 664 1219 nisi
676 1181 742 1218 forsan
754 1179 774 1218 in

103 1260 150 1287 casu
160 1249 226 1298 quoad
236 1249 288 1287 'illos
297 1249 331 1298 qui
343 1250 367 1287 de
379 1249 445 1288 studio
459 1249 567 1300 parysiensi
581 1250 653 1288 habent
665 1249 727 1288 redire
739 1260 774 1288 seu

100 1319 147 1357 illuc
159 1319 193 1358 ire.
204 1319 223 1357 Si
235 1331 281 1358 vero
290 1320 330 1358 duo
343 1319 399 1358 missi
408 1319 481 1358 suerint
489 1325 508 1358 et
517 1331 570 1358 unus
579 1319 641 1359 alium.
658 1319 701 1358 sine
716 1330 775 1358 causa

101 1388 210 1426 rationabili
227 1388 333 1438 reliquerit,
353 1400 433 1439 poenam
451 1389 545 1438 gravioris
563 1389 625 1438 culpae
637 1400 672 1439 per
688 1388 719 1427 XL
733 1389 774 1427 dies

102 1457 219 1506 sustinebit,
238 1458 315 1497 sivero
330 1471 355 1497 ex
369 1460 407 1497 hoc
422 1459 536 1497 scandalum
551 1459 644 1507 evenerit,
663 1459 774 1497 secundum

101 1527 215 1576 qualitatem
226 1533 245 1565 et
254 1528 384 1576 quantitatem
397 1528 460 1566 delicti
469 1529 549 1577 gravius
562 1528 662 1577 puniatur.
682 1527 711 1565 16.
727 1528 774 1566 ltem

101 1597 169 1635 nullus
179 1596 232 1646 prior
244 1598 311 1636 localis
321 1598 379 1635 vadat
388 1599 417 1636 vel
427 1598 492 1636 mittat
503 1599 572 1636 iratres
584 1598 608 1636 ad
620 1597 729 1646 prioratum
744 1589 775 1636 vel

101 1667 250 1716 procurationes
262 1667 341 1706 alterius
359 1674 477 1715 conventus,
494 1667 580 1716 exceptis
592 1667 676 1717 negotiis
688 1678 776 1706 commu-

100 1735 167 1781 nibus,
178 1735 215 1774 nisi
227 1736 251 1774 de
266 1737 344 1775 licentia
360 1737 431 1786 prioris
443 1737 540 1786 generalis
552 1738 582 1776 vel
594 1736 725 1786 provincialis,
744 1738 775 1775 vel

100 1805 138 1844 nisi
151 1816 187 1855 pro
201 1806 316 1844 necessitate
333 1807 443 1852 manifesta,
462 1808 500 1845 sub
512 1818 572 1855 poena
592 1806 688 1856 gravioris
710 1806 775 1855 culpae

100 1886 135 1923 per
144 1875 161 1913 V
170 1875 212 1913 dies
226 1876 407 1925 transgressoribus
419 1876 533 1926 infligenda.
550 1887 580 1925 17.
596 1876 644 1914 ltem
661 1875 774 1914 inhibemus

100 1956 134 1993 per
142 1949 230 1982 sanctam
243 1946 375 1984 obedientiam
388 1946 520 1995 praecipiendo
532 1945 619 1984 districte
631 1949 656 1983 n'e
667 1946 724 1983 frater
743 1945 776 1983 ali-

99 2014 145 2063 quis
155 2014 216 2053 nostri
226 2014 299 2054 ordinis
313 2016 338 2054 sit
349 2015 464 2054 enbaxiator
476 2015 570 2065 principis
582 2015 727 2065 cujuscumque
739 2026 775 2064 po-

98 2088 128 2121 te·
138 2084 188 2132 (Fol.
202 2095 221 2122 11
237 2086 260 2133 a)
270 2085 325 2123 statis
337 2091 371 2123 aut
379 2085 485 2124 comitatus
497 2085 517 2122 in
529 2085 592 2123 causis
606 2084 711 2134 suspectis,
724 2084 774 2134 peri-

99 2153 173 2191 culosis
182 2158 202 2191 et
211 2154 293 2199 odiosis,
304 2155 342 2193 sub
354 2166 414 2204 poena
426 2154 541 2203 privationis
550 2154 604 2193 vocis
614 2159 633 2192 et
644 2154 681 2192 loci
690 2165 713 2191 eo
720 2154 772 2203 ipso,

98 2226 118 2259 et
129 2222 167 2260 sub
176 2233 236 2271 poena
247 2224 327 2262 carceris
335 2224 445 2263 secundum
459 2223 588 2273 quantitatem
603 2223 667 2262 delicti
679 2224 710 2262 vel
724 2223 774 2272 peri.-

99 2291 137 2330 culi
149 2291 265 2342 infligenda.
