1631 2703
99 112 137 139 220
357 113 504 142 nouornrrouts

124 186 236 235 Capitulum
249 188 373 226 Londinense
384 189 404 226 in
416 189 466 226 testo
478 189 608 232 Pentecostes,
623 200 628 226 1
644 188 695 236 Junii
708 190 764 232 1281,

98 255 218 292 celebratum
236 260 273 294 est.
291 256 321 294 Sic
337 256 424 295 Sibertus
440 257 472 305 qui
493 257 563 294 exinde
580 262 632 295 recto
649 257 726 294 tramite
747 257 766 293 in

99 325 227 374 chronologia
242 326 312 374 pergit.
324 326 390 363 Trissa
408 337 452 363 vero
464 331 506 364 tum
522 326 541 363 in
556 326 596 364 MS.
609 326 765 364 Sorboniae'tum

98 393 118 429 in
128 393 161 430 illo
172 394 228 441 cujus
238 395 373 442 apographum
386 395 454 432 Baleus
466 395 589 442 praeservavit
601 395 678 432 videtur
689 395 767 432 omisis-

99 472 120 499 se
130 473 198 499 vocem
209 462 309 510 «primo»
319 468 365 511 post
376 462 407 500 illa
419 463 477 500 verba
494 463 604 500 «10110111ο
615 462 646 501 CC
658 461 768 511 octuagesi-

100 542 133 568 mo
141 542 161 568 a.
172 531 191 568 ln
202 532 239 569 troc
250 532 335 580 capitulo
345 530 459 569 constitutio
471 531 530 576 hujus
540 531 613 568 tenoris
624 532 673 568 iacta
685 536 726 568 est:

126 611 138 636 r<
150 600 214 637 Frater
225 601 327 648 protessus
339 601 407 637 lrabeat
419 611 479 637 urtam
491 604 587 648 carpetam
599 604 682 647 quaeest
695 604 767 636 nostrae

101 669 200 717 religionis
210 669 298 717 signum,
310 680 349 706 non
359 669 383 706 de
395 668 451 716 petiis
460 674 563 706 consutam
576 669 610 706 sed
620 673 739 715 contextam,
749 673 768 705 et

101 738 170 775 habeat
180 744 254 786 septem
267 737 330 775 radios
340 742 416 774 tantum
427 743 448 774 ut
458 737 520 774 simus
530 737 646 774 uniformes.
658 738 716 782 Qrod
726 748 768 774 mo-

101 806 164 843 raliter
173 806 270 855 siguificat
283 805 439 843 circumamictos
451 805 545 843 virtutum
560 806 650 843 varietate
662 817 696 856 per
710 805 769 854 septi-

101 876 191 912 formem
210 874 291 923 gratiam
313 875 382 911 debere
402 874 494 921 decorari⁷
516 874 568 922 quod
589 875 687 911 valeamus
706 873 769 922 impe-

100 943 217 993 trare(r).»
544 934 545 937 ¹

127 1011 214 1059 Sequens
223 1011 328 1060 capitulum
341 1012 459 1048 celebratum
470 1015 499 1048 est
511 1011 573 1059 Papiae
585 1011 604 1048 10
617 1012 665 1048 festo
677 1011 769 1047 Penteco-

101 1085 147 1123 stes,
162 1082 186 1118 28
203 1081 255 1128 Maji,
269 1082 325 1127 1284.
341 1079 394 1117 Circa
406 1080 471 1117 locum
487 1080 596 1118 notandum
606 1079 767 1128 Palaeonydorum

101 1153 178 1186 tantum
197 1148 260 1195 dicere
280 1148 318 1185 «in
336 1147 433 1196 provincia
452 1148 572 1185 Lombardiae
584 1160 595 1184 a>
619 1148 766 1195 undelezana,

102 1217 210 1256 Cherascus
228 1222 247 1254 er
266 1217 295 1254 alii
315 1221 418 1254 autumant
435 1216 496 1254 tuisse
512 1216 622 1260 Mediolani,
637 1217 671 1254 sed
686 1216 768 1263 catalogi

101 1285 171 1322 Siberti
180 1290 199 1322 et
210 1285 279 1322 Trissae
292 1296 368 1322 necnon
386 1285 425 1338 duo
437 1284 516 1322 indiculi
526 1284 656 1333 capitulorum
669 1296 719 1332 quos
729 1284 768 1322 vidi

102 1364 194 1403 expresse
206 1353 277 1391 habent
286 1353 355 1402 Papiae.
366 1352 416 1391 Cum
425 1353 464 1400 jam
473 1354 492 1390 in
503 1352 617 1401 praecedenti
627 1353 711 1401 capitulo
720 1353 768 1390 Lon-

102 1422 141 1459 dini
151 1423 234 1470 quaestio
248 1422 272 1458 de
284 1422 345 1469 palliis
357 1421 451 1471 (carpeta)
464 1427 504 1458 orta
516 1426 567 1459 esset
582 1422 612 1458 hic
626 1422 695 1459 iterum
713 1423 769 1471 juxta

102 1491 173 1528 Trissae
185 1490 274 1528 notitiam
287 1491 310 1527 de
323 1491 431 1527 mutatione
449 1490 499 1538 pallii
512 1490 581 1527 barrati
594 1491 612 1527 in
625 1491 691 1528 album
703 1495 768 1527 actum

103 1565 138 1597 est.

129 1629 173 1665 Haec
183 1628 264 1665 mutatio
276 1628 356 1665 tandem
366 1628 384 1665 in
397 1628 480 1675 capitulo
495 1628 568 1665 Montis
580 1627 677 1666 Pessulani
687 1628 706 1664 10
719 1629 768 1665 testo

102 1697 121 1734 S.
131 1697 196 1733 Mariae
207 1696 333 1745 Magdalenae,
344 1707 368 1733 22
378 1696 421 1742 Julii
433 1697 480 1744 1287
491 1696 604 1733 auctoritate
613 1696 710 1745 pontificia
719 1697 768 1733 iacta

103 1770 138 1802 est.
149 1752 288 1802 Conueneruut
299 1764 324 1801 ibi
337 1765 410 1802 Fratres
421 1764 488 1801 Petrus
500 1765 524 1801 de
536 1764 634 1801 Amiliano
646 1765 698 1812 prior
709 1765 769 1813 geness

104 1833 154 1879 ralis,
167 1833 276 1870 Gulielmus
287 1833 311 1868 de
323 1832 411 1876 Sanvico,
425 1832 588 1870 definitorTerrae
604 1832 684 1876 sancrae,
698 1832 769 1870 Guliel-

104 1911 149 1938 mus
167 1901 190 1937 de
207 1901 302 1942 Messana,
316 1900 439 1948 provincialis
455 1905 473 1937 et
485 1900 575 1938 definitor
587 1900 661 1945 Siciliae,
675 1901 770 1938 Henricus

105 1969 128 2005 de
140 1969 214 2012 linaria,
230 1968 353 2015 provincialis
367 1972 386 2004 et
395 1967 484 2005 definitor
497 1968 579 2016 Angliae,
596 1969 704 2006 Bernartius
715 1968 771 2006 Cata-

105 2037 150 2081 1001,
164 2037 254 2074 delinitor
267 2035 370 2085 provinciae
382 2037 494 2080 Provinciae‚
506 2036 582 2074 Garoias
592 2037 615 2074 de
631 2036 693 2081 Senis,
704 2038 771 2074 delini-

104 2111 136 2143 tor
145 2105 250 2154 provinciae
261 2105 361 2148 Romanae,
377 2105 474 2143 Robertus
486 2105 565 2149 Fortini,
578 2105 668 2143 definitor
679 2106 769 2153 Franciae,

104 2174 203 2222 Benignus
212 2173 369 2217 mediolanensis,
379 2174 502 2221 provincialis
514 2179 532 2211 et
544 2174 634 2211 definitor
643 2174 769 2217 lombardiae,

104 2242 292 2289 HenricusJuvenis‚
303 2241 426 2290 provincialis
435 2246 453 2279 et
463 2241 553 2280 definitor
562 2242 690 2286 Alemanniae,
701 2242 770 2280 Arnai-

125 2374 145 2416 t1)
158 2372 195 2406 lus.
207 2371 273 2406 Selden
282 2383 302 2415 4¹
314 2382 367 2416 supra
377 2370 422 2413 (sine
431 2370 558 2415 paginationel.
