1631 2703
79 107 103 146 90
330 108 489 138 CONSTlTUTIONES

94 183 136 219 018.
149 182 178 229 Et,
187 186 210 219 ut
218 183 283 221 omnis
295 183 361 221 electio
370 184 448 222 liberior
456 183 550 222 habeatur
558 183 577 221 ln
590 188 658 223 nostro
668 183 742 226 ordine,

78 250 191 295 statuimus,
204 252 258 299 quod
267 264 338 290 omnes
350 254 416 291 iratres
428 257 447 290 et
459 252 538 302 singuli,
552 252 585 301 qui
597 253 690 291 inducent
702 263 745 301 pre-

78 330 100 356 ce
111 324 145 357 aut
159 320 220 368 pretio
235 332 270 359 seu
283 321 341 360 minis
350 333 504 371 quemcumque,
522 321 556 370 qui
568 333 637 359 vocem
649 322 669 359 in
681 320 745 359 electi-

79 399 117 426 one
128 389 207 427 haberet
218 390 288 438 prioris
299 392 402 440 generalis,
422 390 553 439 provincialis,
566 391 639 436 localis,
652 390 747 428 diffinito-v

79 467 130 501 rum,
141 458 276 506 subpriorum,
285 459 383 498 sociorum
394 459 471 508 capituli
479 459 575 508 generalis
584 460 614 497 vel
624 458 745 508 provincialis

79 536 100 562 ac
117 526 241 572 vicariorum,
260 532 282 566 ut
293 528 325 565 tali
338 528 371 566 det
386 540 453 566 vocem
469 539 533 572 suam,
546 528 646 577 sigillatim
658 539 703 566 eum
715 527 745 566 vel

79 605 113 631 eos
124 594 251 640 nominando,
266 596 310 634 talis
322 596 417 634 inducens
434 607 469 634 seu
484 596 602 634 subornator
617 596 642 634 sit
659 596 745 644 privatus

80 674 128 700 voce
137 675 158 700 ac
170 664 213 701 loco
225 675 288 712 usque
300 664 323 701 ad
332 664 407 710 instans
415 664 523 713 capitulum
533 665 629 713 generale,
641 670 660 702 et
669 669 747 703 senten-

79 730 105 768 tia
113 733 321 771 excommunicationis
334 732 359 770 sit
370 733 475 771 innodatus
487 733 530 782 ipso
542 734 600 771 facto.

198 815 224 853 uc
235 816 310 854 electione
320 815 427 855 ttffiutornm
434 816 503 863 capituli
510 816 626 864 pretitulato.

110 906 139 946 19.
156 895 225 933 Electio
237 907 282 933 vero
295 895 423 934 diffinitorum
438 895 516 944 capituli
529 895 651 944 provincialis
662 895 696 932 fiat
710 896 747 932 hoc

81 964 148 1001 modo.
161 963 237 1012 Singuli
253 965 326 1007 tratres,
340 965 373 1012 qui
386 965 405 1002 in
421 964 506 1013 capitulo
523 964 594 1002 fuerint
606 975 671 1002 coram
683 963 747 1012 priore

81 1032 193 1080 provinciali
202 1033 232 1069 vel
244 1033 361 1081 praesidente
373 1038 392 1071 et
402 1033 464 1081 priore
476 1034 538 1078 locali,
551 1033 635 1071 exclusis
653 1032 747 1070 omnibus

81 1101 115 1149 qui
128 1112 168 1138 non
186 1101 274 1143 suntde
283 1101 360 1150 'gremio
372 1101 457 1150 capituli,
474 1101 571 1150 sigillatim
583 1106 667 1149 quatuor
678 1102 747 1138 tratres

82 1174 155 1207 secrete
167 1170 287 1207 nominando
302 1170 381 1218 eligant,
395 1175 414 1208 et
427 1170 464 1218 ipsi
476 1170 549 1218 priores
561 1170 611 1207 dicta
622 1170 746 1217 singulorum

81 1237 162 1275 fideliter
171 1237 257 1275 scribant
268 1242 287 1275 et
295 1238 315 1275 in
324 1238 392 1275 eodem
401 1239 452 1282 loco,
465 1243 570 1287 antequam
580 1237 604 1274 ab
613 1237 696 1275 invicem
709 1236 751 1274 dis<

82 1307 159 1353 cedant,
173 1306 267 1354 scriptum
283 1291 388 1355 publicent,
407 1312 426 1344 et
446 1306 479 1354 qui
494 1308 559 1355 plures
577 1317 634 1343 voces
646 1306 748 1353 habuerint

83 1374 198 1412 diffinitores
210 1374 229 1411 in
246 1375 279 1412 illo
297 1375 380 1423 capitulo
396 1376 510 1412 habeantur.
527 1376 552 1412 lta
563 1379 629 1411 tamen
641 1374 701 1422 quod,
714 1373 748 1421 qui

83 1445 147 1491 plures
156 1454 215 1481 voces
225 1444 313 1481 habuerit
324 1444 344 1480 in
354 1444 447 1482 electione
459 1443 483 1481 sit
495 1444 570 1492 primus
587 1443 680 1481 diffinitor
691 1447 710 1480 et
721 1442 750 1480 sic·

82 1512 106 1548 de
115 1512 156 1549 aliis
168 1512 285 1550 successive.
295 1512 313 1549 Si
323 1516 388 1549 autem
401 1512 440 1549 duo
451 1512 481 1549 vel
493 1517 532 1549 tres
544 1511 629 1559 aequales
643 1522 701 1548 voces
716 1511 748 1547 ha-

82 1580 168 1627 buerint,
181 1579 214 1627 qui
232 1580 296 1618 senior
308 1584 338 1618 est
353 1580 372 1617 in
387 1580 461 1623 ordine,
477 1580 502 1617 sit
522 1579 575 1628 prior
594 1578 613 1615 in
626 1578 747 1616 diffinitione.

83 1647 152 1686 Nullus
164 1653 229 1685 tamen
241 1649 260 1685 in
269 1649 349 1686 duobus
360 1648 448 1697 capitulis
460 1647 571 1685 immediate
584 1647 713 1695 sequentibus
726 1646 750 1684 si·

83 1728 107 1753 ve
119 1716 268 1754 succedentibus
286 1717 311 1754 sit
328 1716 428 1760 diffinitor,
447 1728 483 1753 nec
501 1716 571 1764 aliquis
587 1715 607 1752 in
624 1715 749 1753 diffinitorem

83 1785 166 1833 eligatur
174 1784 211 1822 nisi
220 1795 297 1822 sacrum
310 1784 399 1822 ordinem
412 1785 437 1822 sit
448 1785 537 1833 adeptus,
549 1795 585 1821 nec
593 1783 662 1832 aliquis
676 1783 750 1831 irregu-

84 1853 128 1890 laris
138 1854 167 1890 vel
179 1852 264 1890 infamis.

111 1932 143 1958 20.
157 1920 221 1958 Priore
233 1921 318 1970 generali
331 1921 392 1959 electo
401 1921 497 1958 continuo
509 1920 581 1958 ducant
592 1931 637 1957 eum
649 1920 717 1957 fratres
726 1919 751 1956 ad

85 2001 179 2037 magnum
192 1990 250 2026 altare
262 1989 293 2026 ubi
306 2000 327 2026 se
344 1994 453 2036 prosternat
468 1988 530 2026 donec
546 1992 634 2025 cantetur
652 1987 674 2024 Te
690 1989 751 2024 Deum

85 2058 191 2094 lazrdmnus.
204 2057 278 2094 Deinde
295 2056 377 2095 vicarius
390 2057 423 2105 qui
435 2061 474 2094 erat
485 2057 567 2106 dicatu.
581 2055 648 2092 Emitte
659 2055 751 2106 Spiritum

85 2128 144 2164 tritam.
156 2126 180 2174 tt.
194 2125 267 2163 Manda
286 2126 344 2163 Deus.
361 2125 385 2174 it.
398 2126 477 2163 Salvom
491 2125 532 2173 sac.
545 2122 569 2171 tt.
583 2123 662 2161 Domine
673 2123 750 2161 exandi.

85 2194 178 2233 Dominus
189 2194 290 2232 vobiscmn.
301 2194 335 2231 Or.
346 2194 398 2232 Dens
412 2194 445 2242 qni
454 2192 610 2242 corclafidclium.
621 2194 698 2241 Prolcge
713 2193 752 2229 Do-

84 2256 141 2301 mine.
163 2262 285 2309 Onrrzrbotens
304 2263 413 2310 scrnpr'ternc
423 2263 475 2299 Dens
485 2260 581 2311 qnifacis.
597 2260 634 2298 Per
646 2260 749 2298 Christum.
