1631 2703
305 156 451 185 oeurmcrroues
705 156 716 194 9

44 232 94 276 cisti,
104 236 159 270 tuam
172 231 285 281 suppliciter
296 232 423 270 obsecramus
433 232 563 279 clementum,
574 237 671 281 quotenus
681 242 716 280 pro

38 302 71 340 tui
80 301 166 339 nominis
179 302 254 338 honore
263 306 282 338 et
300 301 361 350 ipsius
373 302 457 350 apostoli
470 301 498 339 tui
511 301 614 338 dilectione
629 307 648 338 et
658 301 718 338 inter-

44 370 133 409 cessione
145 372 198 408 hunc
206 375 275 419 potum
285 376 324 408 ture
335 370 410 418 pietatis
423 371 501 408 dextera
514 371 563 408 bene
574 369 588 422 †
601 371 662 407 dicere
675 371 718 420 dig·

44 441 103 484 neris,
114 445 135 477 ut
145 452 222 485 omnes,
232 440 265 489 qui
275 441 299 477 de
306 440 349 488 ipso
357 441 487 489 gustaverint,
498 441 586 489 corporis
596 441 692 478 medelum
700 446 719 478 et

43 510 114 548 anim-ee
123 511 206 548 sulutem
216 510 314 559 percipere
327 515 446 548 mereantur.
460 510 495 548 Per
504 510 619 549 Dominum.

215 642 239 675 In
246 641 308 676 Goena
319 642 402 675 Domini
414 642 542 677 Mandatum,

302 736 457 774 Beueurcrroues.

70 869 197 918 Adiutorium
210 875 301 907 nostrum
314 869 334 907 in
347 869 428 907 nomine
444 869 531 908 Domini.
545 869 573 908 Sit
588 869 666 907 Nomen
679 870 719 907 Do-

45 939 93 977 mini
105 939 238 977 benedictum.
250 927 347 977 Dominus
362 939 474 977 vobiscum.
486 940 579 978 Oremus.

71 1008 153 1046 Benedic
164 1006 271 1059 †Domiue
283 1013 392 1046 creaturum
404 1009 462 1047 istum
475 1009 531 1058 panis
544 1009 594 1047 sicut
602 1007 719 1046 benedixisti

45 1078 131 1126 quinque
145 1089 207 1126 panes
226 1078 246 1115 in
259 1079 344 1122 deserto,
358 1083 380 1116 ut
392 1090 463 1117 ornnes
475 1083 579 1128 gustantes
591 1090 614 1116 ex
627 1089 650 1115 eo
671 1077 720 1115 acri-

46 1148 99 1198 piant
114 1153 155 1186 tam
172 1148 260 1195 corporis
272 1160 331 1201 quam
347 1148 418 1186 nniinne
434 1148 546 1186 sanitatem.
560 1149 579 1186 ln
595 1147 675 1186 nomine
686 1149 721 1185 Pa-

45 1218 80 1257 tris
91 1216 105 1270 †
117 1223 136 1255 et
147 1218 188 1256 Filii
199 1216 214 1270 †
225 1223 245 1255 et
256 1217 338 1266 Spiritus
352 1218 417 1256 Suncti
428 1216 450 1269 †

53 1315 57 1321 ..
72 1284 286 1340 01·e'111us.-'ssenedtc†
302 1289 387 1326 Domine
399 1293 507 1326 creaturum
520 1288 578 1325 istam
591 1288 646 1337 punis
661 1292 683 1326 ut
696 1286 721 1325 sit

46 1358 153 1395 remedium
163 1359 247 1396 solutnre
260 1358 348 1396 humano
369 1358 436 1407 generi
449 1365 467 1395 et
479 1362 550 1407 praestu
567 1368 602 1406 per
614 1357 722 1395 invocatio-

47 1440 91 1466 nem
107 1428 194 1466 nominis
202 1427 231 1465 tui
246 1432 268 1465 ut
279 1428 401 1476 quicumque
417 1439 440 1465 ex
450 1439 473 1465 eo
489 1428 618 1476 sumpserint
632 1426 721 1475 corporis

47 1498 149 1536 snutrein
162 1503 180 1534 ct
192 1497 263 1535 nnimae
275 1499 360 1535 luteum
370 1497 484 1546 percipiunt.
497 1498 532 1535 Per
544 1498 644 1535 Christum
654 1497 722 1534 Domi-

47 1579 95 1605 num
119 1572 218 1605 nostrum.
241 1568 314 1605 Amen.
333 1567 356 1604 Et
375 1567 485 1605 benedictio
512 1567 546 1604 Dei
569 1567 719 1616 omnipotentis,

46 1635 132 1688 Putris-i
147 1641 166 1674 et
178 1635 245 1688 Filii†
265 1642 283 1674 et
306 1637 390 1686 Spiritus
413 1635 504 1689 Suncti†
526 1637 632 1675 descendat
662 1647 722 1684 super

47 1708 96 1752 hanc
107 1711 215 1753 creaturam
226 1707 374 1744 adsumendum
388 1707 491 1745 snnitntem
505 1706 594 1755 corporis
606 1712 625 1744 et
641 1705 719 1743 unimre.

48 1775 120 1814 Amen.
158 1802 162 1811 2
531 1771 534 1775 ’

291 1904 413 1938 Benedictio
424 1904 473 1937 vini.

5 2077 7 2086 ι
74 2028 210 2075 Dominejcsu
222 2028 299 2067 Christe
309 2029 372 2078 quiin
385 2029 436 2068 Cnnn
446 2030 530 2068 Gulilrcae
545 2041 568 2067 cx
590 2042 640 2078 nquit
653 2030 721 2068 vinum

6 2143 7 2146 ¹
49 2096 117 2141 iecisti,
131 2097 206 2146 quique
215 2098 260 2137 vitis
272 2110 293 2137 es
302 2110 354 2143 uem,
369 2099 476 2148 multiplica
486 2110 546 2148 super
561 2110 598 2137 nos
613 2099 723 2138 misericor-

48 2164 99 2202 dium
109 2173 164 2205 tuom
173 2173 192 2205 et
204 2168 253 2205 bene
261 2166 276 2219 †
285 2168 349 2206 dicere
356 2173 375 2206 et
384 2169 504 2206 sanctificare
513 2169 601 2218 digneris
610 2170 660 2207 hunc
671 2181 723 2206 crea-

1 2246 9 2290 jj
48 2239 112 2273 turum
120 2237 168 2281 vini,
182 2243 204 2276 ut
215 2238 329 2287 omnesqui
342 2250 400 2277 exeo
412 2238 543 2288 gustaverint,
557 2240 659 2277 sanitatem
668 2251 723 2277 men-

5 2327 9 2361 ἐ
49 2302 73 2340 tis
93 2310 112 2343 et
131 2307 219 2355 corporis
239 2307 341 2356 accipiunt,
366 2319 388 2345 ac
407 2308 452 2345 vitis
472 2313 549 2346 reternae
568 2309 659 2357 palmites
680 2320 723 2347 esse

50 2379 167 2413 mereantur.
180 2377 219 2421 Qu
227 2376 278 2414 vivis
289 2381 326 2414 etc.
343 2377 454 2415 Benedictio
465 2377 504 2414 Dei'
515 2377 659 2426 omnipotentis
671 2383 707 2415 etc.
