1631 2703
192 404 299 448 Incipiunt
311 403 483 445 constitutiones*
492 403 593 438 Fratrum
602 402 693 437 Ordinis

244 496 316 529 Beatae
328 495 403 529 Mariae
422 495 447 529 de
462 495 534 529 Monte
545 479 656 530 Carmeli}
729 510 731 512 ·
768 492 770 496 ’

387 613 500 626 --αι-νω-

107 701 125 741 lu
138 711 198 740 rnrnrs
215 712 310 745 Qunuren
321 690 474 747 nesronoeuoun
486 712 514 740 srr
531 689 671 745 ouanenrrnus
686 689 779 745 ounnreh

135 758 186 811 onoo
202 782 275 810 uosren
293 782 395 811 surresenrr
407 760 505 811 exortorum
524 782 547 810 nr
559 782 624 816 Qunnn
636 760 721 811 nicanori
735 758 780 810 rnn-

115 839 123 843 ”
133 826 271 880 ιτκεέοιωιηιε
288 842 358 880 Banasa
371 842 441 880 Maura
460 853 483 879 oe
497 842 567 880 Morere
584 828 675 880 Cranen.
689 841 779 880 noanon

135 911 201 950 Parnn.
214 909 240 963 (¹)
640 901 643 910 ‘'
674 897 676 900 ⁵
725 897 727 900 ’

134 1039 185 1078 Cum
198 1038 278 1088 quidam
291 1039 359 1077 iratres
370 1038 390 1077 in
402 1039 472 1077 ordine
491 1044 560 1078 nostro
570 1038 658 1089 Juniores
674 1039 781 1088 quaerenti-

49 1157 54 1165 Ἰ
107 1108 146 1147 bus
166 1121 177 1146 a
195 1120 243 1157 quo,
265 1108 346 1157 quando
358 1110 388 1147 vel
401 1109 503 1158 quomodo
522 1109 571 1160 ordo
589 1113 656 1147 noster
672 1110 781 1158 sumpserit

50 1165 63 1184 '²
107 1178 218 1223 exordium,
231 1179 261 1216 vel
276 1189 337 1228 quare
349 1178 437 1216 dicamur
457 1179 526 1217 tratres
544 1178 619 1217 ordinis
632 1178 693 1216 Beatae
714 1177 779 1216 Mariae

107 1249 131 1286 de
143 1248 210 1286 lrlonte
222 1247 312 1291 Carmeli,
329 1248 385 1297 juxta
397 1248 423 1286 rei
441 1249 542 1286 veritatem
555 1248 643 1286 nesciant
660 1248 778 1293 satisfacere,

106 1329 142 1367 pro
159 1318 187 1355 eis
199 1317 218 1356 in
232 1317 308 1367 scriptis
320 1318 403 1356 sormam
413 1318 485 1356 talibus
495 1318 626 1367 relinquentes
638 1318 731 1356 volumus
740 1329 780 1356 res-

106 1387 205 1436 pondere:

131 1456 219 1495 Dicimus
231 1461 297 1494 antem
315 1456 390 1495 veritati
401 1456 539 1495 testimonium
553 1456 684 1506 perhibentes,
702 1455 779 1505 quoda

105 1531 195 1576 tempore
212 1526 256 1563 Eliae
268 1531 287 1563 et
302 1525 358 1564 Elisei
376 1527 517 1576 prophetarum
535 1530 625 1563 montem
641 1525 725 1564 Carmeli
746 1525 780 1563 de-

105 1601 150 1634 vote
163 1594 324 1640 inhabitantium,
344 1594 409 1633 Sancti
427 1600 491 1644 patres
503 1600 543 1632 tam
564 1594 611 1633 novi
631 1605 692 1643 quam
707 1595 779 1633 veteris

104 1664 218 1703 testamenti
235 1665 324 1714 ejusdem
343 1664 418 1702 montis
434 1664 546 1709 solitudinis
558 1675 594 1713 pro
611 1663 780 1714 contemplatione

104 1734 215 1773 coelestium
228 1734 267 1772 veri
279 1738 383 1780 amatores,
397 1733 470 1772 ibidem
477 1734 533 1783 juxta
542 1734 618 1772 iontem
628 1733 700 1772 Eriaein
713 1738 780 1773 sancta

104 1803 225 1854 poenitentia,
241 1803 314 1842 sanctis
327 1803 459 1848 successibus,
472 1802 593 1841 incessanter
605 1803 723 1847 continuata,
731 1808 780 1841 sunt

104 1872 233 1922 proculdubio
255 1872 376 1910 laudabiliter
400 1872 517 1910 conversati.
539 1873 629 1917 Quorum
653 1883 779 1911 successores

105 1947 152 1991 post
159 1941 313 1980 lncarnationem
326 1941 398 1979 Christi
408 1941 481 1979 ibidem
489 1941 590 1979 ecclesiam
602 1942 621 1978 in
632 1941 707 1979 honore
716 1941 778 1979 beatae

103 2011 169 2050 Mariae
179 2010 266 2060 Virginis
275 2015 435 2056 construxerunt,
448 2016 467 2049 et
475 2011 538 2060 ipsius
546 2010 626 2049 titulum
640 2011 747 2059 elegerunt,
760 2015 779 2049 et

104 2081 130 2119 ob
143 2081 180 2119 hoc
189 2080 282 2130 deinceps
291 2081 366 2119 Fratres
379 2081 441 2119 Beatae
452 2080 517 2119 Mariae
529 2080 553 2117 de
569 2080 637 2118 Monte
648 2079 731 2118 Carmeli
744 2091 779 2130 per

104 2149 210 2200 apostolica
222 2149 321 2200 privilegia
332 2154 380 2189 sunt
388 2149 459 2188 vocati.
472 2150 528 2194 Qros
539 2149 631 2187 Albertus
645 2149 779 2197 jherosolimi-

103 2225 154 2259 tanae
169 2220 255 2258 ecclesiae
275 2219 415 2269 patriarchain
428 2230 491 2258 unum
514 2218 618 2267 collegium
642 2218 777 2269 congregavit,

126 2336 147 2379 [ι]
157 2335 197 2368 Hoc
205 2333 283 2377 primum
293 2341 347 2378 caput
355 2344 387 2378 per
394 2333 454 2366 varios
463 2341 546 2366 auctores
555 2333 602 2366 inter
616 2345 670 2377 opera
680 2334 728 2368 Petri
738 2334 779 2368 Rai-

103 2393 166 2427 mundi
179 2394 207 2427 vel
223 2393 312 2427 lohannis
328 2392 418 2426 Balisraril
433 2391 550 2425 Generalium
565 2401 689 2433 enumeratur,
705 2393 737 2427 sed
752 2401 779 2428 est

103 2462 181 2496 utroque
196 2452 295 2497 antiquius.
