1631 2703
124 134 149 176 66
383 146 543 178 consrnanones

123 233 164 261 non
180 221 259 261 fecerint
271 223 300 261 vel
315 222 335 261 in
350 222 440 263 iaciendo
455 224 579 275 negligentes
597 224 668 275 reperti
684 224 762 270 fuerint,
776 224 796 263 in

123 293 227 341 prasentia
242 292 367 341 superiorum
381 305 463 332 suorum
475 294 587 333 secundum
599 293 717 343 exigentiam
733 295 797 332 delicti

122 363 207 412 graviter
216 362 331 413 puniantur.

278 476 338 515 Runa.
349 475 390 515 XX.
403 476 431 515 De
442 487 513 516 orncro
525 487 640 516 suavaronrs.

154 593 170 622 1.
187 582 295 622 Statuimus
309 583 397 632 insuper,
408 588 430 621 ut
439 583 459 621 in
468 584 557 632 quolibet
568 587 669 622 conventu
682 583 714 621 nbi
725 583 799 622 fuerint

124 653 160 691 Xlll
173 654 240 691 iratres
253 652 335 703 professi
349 652 390 691 sive
402 654 468 702 plures
480 653 573 703 subprior
585 664 619 702 per
632 653 747 691 electionem
765 654 799 690 ha—

124 723 200 768 beatur,
215 723 268 773 quod
278 723 294 762 si
303 728 414 761 conventus
428 723 448 761 in
458 723 553 762 electione
565 723 681 773 hujusmodi
693 723 748 761 tertia
757 722 799 760 vice

124 794 243 832 concordare
256 793 371 842 nequiverit,
386 792 439 842 prior
450 793 544 842 generalis
557 793 586 831 vel
599 792 724 842 provincialis
736 793 755 830 in
765 792 800 829 ab·

125 863 187 901 sentia
199 863 303 912 generalis,
314 867 333 900 et
345 862 411 901 localis
421 863 440 900 in
456 862 543 901 absentia
553 862 684 912 provincialis,
698 866 798 911 poterunt,

125 937 185 981 prout
202 932 229 970 eis
248 932 346 981 placuerit,
366 932 475 980 providere,
490 932 524 981 qui
541 937 662 970 conventum
675 931 693 969 in
712 931 799 970 absentia

125 1002 196 1051 prioris
209 1006 269 1051 regat,
283 1001 367 1050 corrigat
381 1006 400 1039 et
409 1006 504 1050 sequatur
513 1006 532 1039 et
543 1001 579 1039 alia
593 1001 650 1039 saciat
661 1013 706 1050 quae
714 1001 739 1039 ad
749 1000 800 1050 regi-

126 1082 171 1110 men
183 1075 294 1110 conventus
308 1071 404 1121 pertinere
419 1071 556 1110 dinoscuntur.
574 1082 593 1110 2.
607 1070 625 1109 Si
640 1081 687 1109 vero
698 1070 750 1120 prior
765 1071 800 1109 do-

126 1154 181 1180 mum
197 1142 278 1180 exiverit
289 1146 323 1180 aut
334 1142 358 1179 ad
370 1141 478 1190 capitulum
491 1140 608 1191 provinciale
620 1142 650 1180 vel
664 1141 688 1179 ad
703 1141 800 1180 terminos

125 1211 188 1260 iverit,
199 1211 242 1261 ipso
254 1211 318 1261 priore
327 1211 408 1250 absente
420 1216 439 1249 et
447 1211 549 1261 subpriore
559 1215 663 1260 praesente,
674 1212 739 1249 nullus
751 1212 800 1250 alius

125 1282 208 1320 vicarius
222 1282 312 1331 eligatur,
331 1281 368 1320 nisi
381 1281 422 1330 ipse
433 1281 527 1330 subprior
541 1280 560 1318 in
573 1280 649 1319 socium
665 1280 735 1330 prioris
750 1292 796 1330 pro-

127 1351 213 1390 vincialis
225 1352 249 1389 ad
261 1351 368 1401 capitulum
380 1352 471 1401 generale
483 1351 528 1389 ituri
544 1350 634 1399 eligatur,
648 1351 678 1388 vel
690 1351 709 1388 in
724 1351 799 1389 socium

126 1421 196 1470 prioris
206 1421 271 1460 localis
286 1420 331 1458 ituri
342 1421 366 1459 ad
385 1421 494 1470 capitulum
511 1419 561 1472 (Fol.
575 1421 621 1469 ara)
638 1420 762 1469 provinciale,
780 1426 800 1459 et

126 1492 168 1529 haec
179 1496 198 1529 et
209 1491 245 1530 alia
257 1491 313 1529 iaciat
330 1491 440 1529 secundum
459 1490 609 1540 dispositionem
628 1491 658 1529 sui
671 1491 748 1540 prioris,
766 1503 801 1529 nec

125 1561 146 1599 in
158 1562 223 1611 aliquo
235 1562 335 1611 usquead
348 1572 407 1599 suum
420 1561 504 1598 reditum
517 1560 588 1610 poterit
599 1561 655 1598 aliter
666 1560 763 1601 ordinare.

285 1664 345 1702 Ruan.
358 1663 406 1702 XXl.
419 1664 447 1701 De
459 1673 530 1702 ornero
542 1673 643 1703 sacraene.

157 1777 173 1805 r.
186 1767 206 1804 ln
215 1765 304 1814 quolibet
315 1769 416 1803 conventu
428 1776 462 1815 per
473 1765 557 1814 priorem
568 1769 587 1803 et
599 1763 719 1805 conventum
733 1765 802 1805 sacris-

127 1840 147 1874 ta
159 1847 193 1885 per
206 1835 321 1873 electionem
337 1835 437 1874 habeatur.
451 1835 503 1873 ldem
518 1839 585 1873 aulem
597 1835 621 1873 de
640 1835 720 1874 sacrista
735 1837 801 1885 quoad

128 1905 243 1943 electionem
255 1905 350 1943 volumus
362 1904 416 1953 quod
425 1904 449 1941 de
458 1905 561 1953 subpriore
573 1909 731 1953 estexpressum.
741 1906 801 1951 aQui

128 1974 209 2024 quidem
221 1974 300 2013 sacrista
312 1985 342 2012 res
352 1974 490 2012 ecclesiasticas
502 1974 584 2012 honeste
594 1974 691 2013 custodiat
703 1980 722 2013 et
730 1975 753 2013 de
766 1975 802 2013 mi-

128 2043 208 2083 nisterio
220 2043 313 2082 sacristiae
322 2055 344 2081 ac
356 2043 380 2081 de
389 2043 448 2081 rebus
460 2043 549 2092 ejusdem
562 2043 652 2092 parandis
664 2055 699 2083 seu
712 2055 802 2094 reparan-

127 2115 165 2159 dis,
181 2113 242 2157 libris,
258 2113 347 2152 vestibus
357 2106 378 2151 'et
394 2113 486 2151 calicibus
500 2125 522 2151 ae
537 2113 578 2151 aliis
590 2113 650 2152 rebus
665 2125 700 2163 pro
713 2114 800 2153 sacristia

127 2182 241 2222 necessariis
251 2183 274 2221 de
282 2183 363 2221 consilio
375 2182 446 2232 prioris
458 2182 535 2221 ordinet
546 2188 566 2220 et
577 2182 678 2231 disponat.

240 2284 300 2323 Runa.
314 2283 368 2323 XXll.
383 2282 414 2322 De'
421 2289 560 2323 orncroanrun
571 2293 681 2322 cosropun.

158 2395 174 2424 1.
190 2385 209 2423 ln
224 2385 313 2434 quolibet
324 2390 389 2424 autem
402 2390 501 2424 conventu
513 2385 611 2435 eligantur
621 2390 661 2424 tres
673 2385 741 2425 tratres
756 2398 802 2437 pro-

127 2454 167 2493 vidi
176 2459 195 2494 et
203 2442 288 2504 discreti,
299 2454 333 2505 qui
342 2455 395 2495 bona
405 2460 515 2497 conventus
527 2467 572 2495 cum
582 2454 645 2506 priore
654 2455 773 2503 custodiant,
782 2462 802 2495 et
