1631 2703
94 125 118 162 44
351 121 510 152 CONSTITUTIONES
564 117 566 120 ⁴

94 198 214 244 admittatur,
228 198 265 236 sub
277 209 337 248 poena
348 198 443 248 gravioris
455 199 518 248 culpae
530 210 563 248 per
579 198 596 236 X
608 198 656 236 dies.
672 197 768 237 Poterunt

92 273 160 306 tamen
172 268 224 316 prior
236 267 332 316 generalis
346 269 377 305 vel
389 267 602 316 provincialisomnino
611 268 654 306 sine
667 277 767 305 consensu

93 338 238 386 cujuscumque
249 338 273 374 ad
291 337 408 375 novitiatum
424 338 455 375 vel
472 337 496 374 ad
515 336 659 385 professionem
683 336 767 385 recipere

94 418 140 444 cum
158 406 186 445 eis
198 406 296 444 videbitur
307 407 405 455 expedire.
425 408 444 444 8.
462 407 548 445 Caveant
558 411 625 445 tamen
641 418 666 444 ne
681 407 767 455 aliquem

95 475 195 524 recipiant,
215 475 252 513 nisi
269 487 304 524 pro
316 476 386 513 ordine
404 481 472 514 nostro
490 476 600 515 secundum
616 475 768 514 constitutiones

95 545 179 583 idoneus
190 544 248 583 fuerit
257 544 357 584 inventus.
371 557 391 596 9.
407 546 454 583 ltern
467 545 573 584 statuimus
585 546 639 594 quod
656 546 723 584 nullus
735 556 769 583 cu-

92 615 213 663 juscumque
239 613 359 652 conditionis
384 614 454 652 existat
474 614 553 663 recipiat
575 614 655 663 aliquod
683 614 766 657 donum.

96 688 280 732 quantumcumque
302 683 403 722 modicum
424 684 465 722 sive
483 696 586 733 magnum,
600 684 620 722 in
632 685 686 722 dono
698 685 729 722 vel
749 684 769 721 in

96 758 153 803 pacto
164 765 175 790 a
185 753 259 792 novitio
269 753 387 803 recipiendo,
401 765 436 792 seu
448 754 580 803 aparentibus
591 754 639 799 suis,
651 754 680 791 vel
692 753 768 797 amicis,

96 824 120 860 ad
132 823 233 871 proprium
247 834 314 867 usum,
334 824 371 861 sub
382 834 440 872 poena
458 823 539 861 carceris
556 829 575 861 et
590 823 705 872 privationis
723 823 770 861 doni

96 892 151 941 quod
164 892 237 930 novitio
254 892 373 930 restituatur.
390 903 420 930 ιο.
431 892 450 930 Si
464 897 530 930 autem
548 892 671 941 recipiendus
683 893 769 941 aliquam

96 962 237 999 eleemosinam
252 962 359 1000 conventui
372 963 401 999 vel
410 961 473 999 ordini
485 964 574 999 conferre
585 962 675 1006 voluerit,
690 973 730 1000 non
742 973 770 999 re-

96 1031 200 1079 cipiatura
215 1032 315 1078 fratribus,
329 1032 363 1069 sed
380 1043 414 1080 per
426 1042 497 1069 manus
516 1031 620 1080 recipiendi
641 1031 770 1069 creditoribus

97 1099 172 1138 ord-inis
192 1101 285 1145 solvatur,
300 1101 330 1138 vel
351 1101 371 1138 in
393 1101 447 1139 altari
460 1101 559 1139 offeratur.
587 1112 616 1140 11.
641 1101 770 1139 Consulimus

97 1164 155 1207 etiam
168 1169 222 1217 quod
236 1169 360 1218 recipiendus
377 1174 423 1206 ante
440 1169 572 1218 receptionem
587 1170 666 1207 habitus
680 1170 771 1218 expediat

97 1250 118 1276 se
134 1238 158 1275 de
180 1238 275 1277 omnibus
288 1250 333 1287 quae
353 1238 417 1286 habet,
437 1238 474 1277 nisi
495 1249 519 1276 ex
537 1250 596 1277 causa
611 1238 719 1277 rationabili
737 1249 771 1287 per

97 1303 181 1356 priorem
193 1308 243 1356 (Fol.
259 1308 304 1358 13b)
319 1308 431 1356 generalem
443 1308 474 1346 vel
492 1307 630 1356 provincialem
646 1307 700 1345 aliter
713 1307 771 1346 fuerit

97 1376 217 1421 ordinatum,
235 1388 260 1414 ne
272 1376 349 1414 diabolo
367 1381 486 1426 suggerente
498 1376 517 1414 in
531 1377 671 1426 temporalium
689 1372 772 1415 admini-

97 1447 142 1483 culo
153 1446 254 1483 confidens
266 1446 289 1483 ad
300 1447 393 1484 saeculum
403 1451 472 1494 postea
484 1450 598 1484 revertatur.

127 1527 157 1553 12.
167 1516 271 1553 Moneatur
286 1515 345 1553 etiam
363 1515 487 1564 recipiendus
499 1527 532 1564 per
547 1516 631 1565 priorem
644 1521 666 1553 ut
686 1516 773 1565 resignet

98 1585 153 1622 omni
170 1585 209 1633 juri
230 1584 328 1633 repetendi
346 1585 463 1622 vestimenta
481 1586 531 1622 tacta
551 1586 575 1622 ad
594 1586 677 1623 modum
690 1585 771 1632 ordinis,

98 1666 143 1702 quae
151 1654 175 1690 de
187 1666 222 1692 sua
232 1654 313 1702 pecunia
326 1655 356 1691 vel
368 1653 446 1691 aliunde
457 1656 512 1700 emit,
522 1665 557 1703 pro
566 1665 613 1692 casu
621 1654 637 1692 si
647 1659 736 1703 receptus
748 1654 772 1691 ab

99 1724 167 1760 ordine
176 1724 234 1761 vellet
245 1723 317 1761 resilire
327 1734 331 1770 3
341 1724 394 1771 quod
405 1716 494 1760 si'facere
508 1724 592 1761 noluerit
612 1724 723 1762 nullatenus
740 1723 774 1761 ad-

99 1792 194 1830 mittatur.

129 1873 158 1912 13.
166 1862 216 1899 Cum
226 1873 273 1900 vero
294 1861 397 1910 recipiendi
407 1862 479 1899 fuerint
491 1862 567 1910 novitii,
578 1861 641 1910 primo
652 1861 744 1901 radantur
755 1867 774 1899 et

99 1932 204 1969 calcientur
216 1932 240 1984 ad
252 1932 335 1969 modum
351 1933 441 1976 fratrum,
457 1936 477 1969 et
489 1932 554 1969 tunica
564 1931 638 1970 ordinis
651 1932 715 1969 induti
726 1928 773 1970 curn

99 2002 163 2049 aliqua
181 2006 236 2039 veste
256 2000 344 2039 saeculari
365 2001 488 2049 superposita
497 2001 521 2038 ad
539 2000 647 2049 capitulum
668 2001 772 2039 ducantur.

99 2070 193 2115 Qucum
206 2070 284 2108 adducti
304 2069 376 2108 tuerint
394 2074 520 2119 prosternant
539 2082 560 2108 se
578 2070 597 2107 in
613 2070 678 2108 medio
699 2070 774 2119 capitu-

99 2140 118 2185 li,
130 2145 149 2177 et
162 2139 276 2189 interrogati
293 2152 303 2177 a
325 2140 442 2188 praesidente
459 2139 512 2188 Quid
524 2141 618 2189 pararunt
641 2140 775 2189 respondeant

100 2210 252 2248 Misericordiam
260 2210 297 2248 Dei
307 2212 326 2247 el
334 2210 414 2248 ordinis.
428 2210 506 2255 Qubus
515 2220 595 2248 sursum
608 2209 675 2248 erectis
687 2213 774 2258 exponat

100 2279 137 2317 illis
149 2279 273 2331 asperitatem
286 2278 360 2318 ordinis
372 2284 391 2317 et
402 2283 544 2328 paupertatem.
555 2279 577 2317 Et
586 2279 671 2317 maxime
680 2283 720 2317 tres
729 2278 774 2317 arti-

100 2349 156 2386 culos
164 2348 272 2398 religionis,
288 2348 328 2387 scil.
345 2349 399 2398 quod
420 2353 466 2397 post
477 2348 609 2397 receptionem
630 2347 709 2386 habitus
718 2347 773 2386 omni

100 2422 191 2466 tempore
212 2418 257 2456 vitae
273 2430 313 2457 suae
331 2422 442 2468 proponant
462 2417 574 2457 obedienter
591 2422 610 2455 et
622 2421 675 2456 caste
692 2422 711 2456 et
730 2417 773 2456 sine
