1631 2703
317 122 406 156 'auanrca
418 126 448 155 xvi
701 124 724 163 57

51 201 142 252 expensis
152 201 272 246 necessariis,
283 203 333 240 ultra
345 212 474 240 communem
485 201 546 239 vitam
561 203 669 237 conventus
679 199 725 237 iaci-

51 271 113 310 endis.
129 272 151 309 Et
170 271 222 308 idenr
242 273 337 310 volumus
349 271 390 309 fieri
409 270 476 309 lectori
494 269 595 319 principali
613 274 725 307 conventus

52 341 142 379 tholosae
163 341 204 377 sive
218 340 276 378 tuerit
293 340 388 389 magister
405 340 446 378 sive
459 351 506 378 non.
517 350 549 389 ²3·
561 340 581 376 tn
598 338 669 376 studiis
678 349 724 377 vero
786 326 788 328 V

7 433 10 436 >
51 409 175 458 generalibus
192 410 274 458 dempto
288 408 464 453 studiofTholosae,
480 408 514 447 ubi
533 409 594 446 lector
612 406 724 455 principalis

51 490 91 517 non
101 478 159 516 suerit
169 479 270 528 magister,
284 476 411 527 provideatur
421 479 487 516 solum
500 478 519 515 in
532 477 643 527 LXgrossis
650 476 722 521 eidem,

51 548 157 586 sublectori
172 552 238 586 autem
255 548 275 585 in
287 549 300 586 L
311 548 394 597 grossis,
417 548 458 585 sive
469 548 529 585 lector
543 546 655 596 principalis
667 546 727 584 tuerit

51 616 146 666 magister
160 617 200 654 sive
217 628 264 654 non.
278 617 356 666 Legenti
375 628 421 655 vero
439 616 511 654 ibidem
529 614 626 654 ordinarie
638 614 729 664 phiio'sos

51 686 116 735 phiam
137 685 156 723 in
179 686 210 723 XL
231 686 306 735 grossis
328 686 353 723 de
376 686 444 723 eadem
468 684 568 734 provincia
590 684 726 734 provideatur„

52 766 83 804 ²4·
97 754 208 794 Scotaribus
221 760 286 793 autem
303 755 326 793 de
338 755 420 794 diversis
433 754 538 804 provinciis
558 755 583 792 ad
594 753 646 792 dicta
660 754 725 792 studia

4 873 5 878 ¹
52 824 118 863 missis
127 823 252 874 provideatur
263 824 365 862 annuatim
376 825 399 862 de
411 825 442 862 XL
453 824 530 874 grossis
539 823 726 862 turonensibusan-

50 893 110 943 tiquis
123 904 156 942 per
165 893 275 942 provincias
287 906 297 931 a
309 894 382 942 quibus
397 893 510 937 mittuntur,
528 893 618 931 deductis
632 893 730 941 expensis

51 973 100 1012 quas
109 962 181 1000 facient
190 963 256 1000 eundo
268 963 292 1001 ad
312 963 428 1012 huiusmodi
440 963 504 1001 studia
519 967 538 1000 et
548 963 573 1000 ad
585 973 632 1000 suas
645 962 726 1011 provin·

50 1032 87 1070 cias
97 1031 205 1070 redeundo.
214 1032 236 1069 Et
242 1036 346 1069 teneantur
355 1031 383 1070 sic
390 1032 445 1070 missi
453 1033 514 1069 redire
522 1031 547 1069 ad
556 1042 602 1070 suas
615 1031 726 1081 provincias

51 1105 97 1150 post
105 1100 213 1139 triennium
236 1101 294 1139 etiam
307 1112 347 1139 non
357 1102 428 1140 vocati.
439 1112 470 1150 25,
484 1103 531 1139 item
542 1100 640 1150 magistris
652 1100 673 1137 in'
685 1101 726 1138 An-

51 1171 88 1220 glia
101 1170 149 1208 dum
161 1175 205 1209 actu
215 1170 234 1208 in
247 1170 407 1209 universitatibus
417 1172 491 1220 Legunt,
506 1171 555 1208 ultra
567 1170 628 1209 vitam
639 1181 727 1207 conven-

50 1239 218 1288 tus,provideatur
229 1240 248 1277 in
258 1239 355 1289 Cgrossis
364 1240 457 1289 antiquis,
473 1240 588 1278 bacbalariis
602 1244 648 1277 actu
660 1240 726 1287 legen-

51 1309 104 1347 tibus
116 1308 135 1346 in
148 1309 219 1354 LXXX,
232 1309 346 1347 bactraiariis
358 1315 402 1347 actu
415 1321 456 1347 non
469 1309 580 1357 legentibus
593 1313 613 1346 et
627 1308 730 1347 stantibus.

51 1377 70 1415 in
79 1377 206 1416 universitate
214 1378 234 1416 in
246 1378 266 1415 L.
279 1379 353 1417 Ceteris
362 1383 428 1416 autem
439 1379 565 1417 studentibus
586 1378 729 1427 praedictarum
774 1426 776 1428 Ι

51 1447 200 1485 universitatum
218 1448 297 1496 Angliae
309 1448 435 1496 provideatur
444 1448 464 1485 tn
476 1449 534 1486 XXX.
549 1447 640 1486 Praedicta
657 1452 725 1485 autem

51 1515 137 1564 provisio
149 1516 183 1554 tiat
192 1516 272 1554 cuibbet
283 1517 306 1554 de
315 1516 443 1555 distinctione
452 1517 529 1566 propria
538 1522 557 1555 et
566 1528 607 1554 non
616 1517 677 1554 aliena
686 1515 724 1565 (r).

77 1584 109 1623 26.
126 1585 235 1624 Statuinrus
246 1591 313 1624 autem
326 1587 380 1634 quod
390 1585 478 1634 magistri
491 1586 610 1636 parisienses
619 1586 638 1624 in
649 1586 729 1624 theoto.

51 1654 87 1702 gia,
101 1655 208 1704 magistros
225 1641 370 1704 cujuscumque
387 1656 466 1693 alterius
484 1655 543 1694 studii
558 1656 579 1693 in
598 1667 728 1704 quocumque

51 1723 93 1761 Ioco
107 1729 126 1761 et
137 1729 182 1762 actu
199 1725 310 1773 praecedant
322 1729 341 1762 et
353 1724 454 1789 bachelarii
466 1724 593 1763 bachalarios.
605 1724 659 1763 Sicut
676 1724 728 1773 pari-v

52 1793 116 1830 siense
126 1794 214 1832 studium
227 1794 281 1831 inter·
295 1798 357 1831 cetera
366 1799 420 1832 tenet
432 1794 570 1843 principatum.
581 1794 623 1832 Nisi
633 1794 727 1832 notabilis

51 1872 144 1901 excessus
156 1867 203 1912 puta
213 1863 237 1901 IV
254 1864 284 1901 vei
299 1863 316 1901 V
327 1874 424 1901 annorum
438 1863 457 1901 in
469 1874 506 1901 suo
518 1868 571 1902 statu
584 1863 727 1913 magistroset

52 1930 171 1970 bacbalarios
183 1933 265 1970 aliarum
282 1933 434 1971 universitatum
447 1933 484 1971 illis
496 1933 635 1971 rationabiliter
650 1945 727 1983 praepo-

52 2005 105 2039 neret
116 2007 136 2039 et
145 2003 250 2051 praeterret.
268 2013 301 2051 27.
313 2002 341 2039 De
353 2002 466 2041 bachatartis
477 2007 543 2041 autem
555 2004 647 2053 Parysius
661 2004 727 2051 tegen-

51 2070 105 2109 tibus
116 2072 147 2109 vel
159 2072 239 2110 lecturis
253 2072 311 2120 priori
323 2072 408 2120 generali
420 2073 555 2111 auctoritatem
573 2069 725 2120 committimus,

0 2197 1 2202 Ἰ
52 2143 74 2177 ut
85 2140 113 2178 eis
122 2144 162 2178 tam
175 2152 210 2190 pro
222 2141 263 2179 suis
273 2141 390 2180 victualibus
403 2154 462 2191 quam
476 2154 512 2192 pro
524 2142 616 2192 expensis
634 2142 727 2180 iaciendis

75 2302 96 2345 (t)
111 2302 206 2337 Provincia
214 2303 283 2347 Angliae
294 2305 317 2338 ob
324 2304 399 2338 nimiam
406 2316 457 2339 suam
464 2304 609 2348 magnitudinem
617 2305 636 2338 in
647 2315 726 2348 quatuor

0 2368 2 2393 t
51 2358 176 2395 distinctiones
183 2371 215 2395 seu
222 2362 304 2405 regiones
312 2362 369 2396 divisa
379 2372 424 2397 erar.
432 2364 499 2397 Nescio
507 2371 568 2397 utrum
579 2363 619 2396 ariae
627 2363 727 2407 provinciae

0 2437 2 2470 3
52 2418 134 2454 similiter
144 2420 279 2455 dividebantur.
454 2422 456 2425 ⁴
