1631 2703
212 121 214 123 >
262 114 474 153 osusn.r.o.1351.·
666 95 702 145 169

32 189 181 239 studentes,‘qui
191 200 230 227 non
238 190 326 227 steterint
333 188 422 238 Parysius
435 198 468 235 per
478 192 517 224 tres
526 171 589 224 annos
599 186 618 223 in
626 185 701 231 studio,

31 261 95 309 atiquo
109 264 199 307 tempore
214 259 293 295 redeant
309 258 332 295 ad
350 257 489 305 complendum
507 260 585 303 tempus
601 266 660 292 suum
680 255 700 292 in

32 329 97 367 studio
112 328 223 376 supradicto
238 332 257 365 et
272 329 308 364 boc
323 327 347 363 ad
364 336 460 374 expensos
476 336 517 362 sure
532 324 644 372 provinciae,
664 324 701 361 nisi

31 400 80 435 torte
87 398 135 434 tates
144 397 257 434 rezesserint
269 408 279 432 a
291 395 343 433 dicto
352 395 417 432 studio
428 395 452 431 de
462 405 496 431 sua
505 393 581 442 propria
591 394 698 430 voluntate.

59 467 105 503 ltem
119 465 231 502 inhibemus
246 464 283 502 sub
301 475 358 512 poena
376 462 496 511 expulsionis
511 466 529 499 ot
546 461 674 498 revocationis
689 473 699 498 a

33 534 98 572 studio
116 545 162 571 cum
177 533 285 581 privatione
303 532 354 570 vocis
369 537 389 569 et
405 532 440 569 loci
457 531 500 579 ipso
515 532 572 574 facto,
587 541 611 567 ne
629 530 700 578 aliquis

34 603 115 641 studens
127 602 217 651 Purysius
229 602 347 649 quicumque
358 601 416 638 fuerit
428 612 463 638 seu
475 600 574 648 gradatus,
588 599 657 636 audent
669 599 702 635 ali-

34 683 92 720 quem
108 671 206 720 beyanum
219 670 309 720 Parysius
327 670 440 719 beynnizare
456 680 489 717 per
501 666 550 718 (For.
572 666 616 717 552)
630 678 700 715 aquam

34 751 69 777 seu
81 750 208 787 quocumque
220 740 256 776 alio
269 739 328 776 modo
338 738 377 776 ludi
388 737 465 775 honesti
475 738 504 773 vel
514 736 619 782 inhonesti,
629 735 701 784 (r)sed

33 808 172 846 tantummodo
185 807 252 845 vinum
265 808 294 845 vel
309 806 413 855 prandium
426 806 493 852 semei,
507 805 523 842 si
538 805 561 842 de
574 815 609 842 sua
625 804 702 841 untione

35 881 68 914 aut
82 876 180 924 provincia
195 876 257 921 suerit,
273 876 357 924 recipere
375 875 445 924 poterit
460 874 596 911 moderatum:
615 873 669 921 quod
686 872 708 910 si>

35 945 80 993 quis
94 944 207 993 oppositum
225 944 297 988 secent,
317 944 410 981 volumus
423 947 443 980 et
457 942 577 985 ordinamus,
598 942 651 989 quod
668 941 701 978 illo

35 1024 87 1050 anno
101 1024 138 1050 suo
156 1012 245 1050 vestiario
265 1017 333 1056 careat,
350 1017 369 1049 er
386 1012 440 1059 quod
458 1011 510 1059 prior
525 1010 644 1058 parisiensis,
663 1009 700 1046 nisi

35 1086 190 1129 transgressores
201 1081 249 1118 tales
258 1078 291 1118 aut
302 1085 466 1129 transgressorem
477 1080 526 1116 intra
532 1079 591 1116 trium
602 1078 701 1116 mensium

36 1150 121 1197 spatium
134 1149 192 1197 priori
203 1149 288 1197 generali
299 1148 425 1185 notificaverit
438 1153 456 1185 et
468 1159 536 1185 eorum
555 1147 635 1184 nomina
653 1146 699 1184 scri-

36 1218 103 1265 pseru,
117 1229 175 1265 poena
187 1216 217 1268 (2)
234 1218 277 1266 ipso
288 1211 342 1255 'tacto
352 1217 464 1254 innodetur.
479 1217 594 1254 Mnndantes
606 1216 703 1264 prioribus

36 1285 194 1333 provincialibus,
211 1286 265 1333 quod
281 1285 370 1323 vestiaria
388 1285 509 1323 studentium
528 1296 568 1322 non
583 1284 662 1321 mittunt
677 1284 704 1320 eis

36 1353 132 1403 Parysius,
146 1355 180 1391 sed
190 1354 255 1402 potius
268 1354 325 1402 priori
338 1354 431 1403 generali,
445 1358 467 1391 ut
481 1354 518 1391 iilis
530 1353 657 1396 transmittat,
671 1352 704 1400 qui

37 1423 86 1458 banc
98 1411 240 1459 ordinationem
251 1420 309 1474 [non]
321 1423 435 1470 infregerint
447 1422 597 1469 quoquomodo.

62 1491 109 1527 item
122 1491 227 1528 statuimus
240 1484 320 1539 propter
334 1491 410 1528 bonum
423 1491 475 1539 pacis
489 1496 507 1527 et
522 1490 657 1527 necessitatem
672 1501 705 1526 co-

36 1564 123 1607 gentem,
143 1560 197 1607 quod
217 1560 240 1596 de
263 1564 326 1597 cetero
343 1571 413 1596 omnes
431 1560 539 1596 taxationes
560 1559 703 1606 provinciarum

36 1627 126 1664 omnium
139 1628 200 1665 totius
212 1628 285 1665 ordinis
304 1639 343 1664 non
358 1628 482 1665 obstantibus
496 1627 653 1664 ordinationibus
667 1625 704 1674 (et)

36 1695 211 1732 constitutionibus
225 1696 318 1743 antiquis,
335 1696 436 1733 mittuntur
451 1701 470 1732 et
484 1696 585 1732 solvantur
597 1695 655 1743 priori
670 1707 704 1743 ge-

36 1763 101 1811 nerali,
118 1764 238 1812 ubicumque
253 1765 317 1808 fuerit,
335 1776 368 1802 seu
387 1765 479 1801 manduto
491 1765 515 1801 ad
532 1760 572 1801 ezrs‘
583 1764 703 1812 recipiendas

37 1832 137 1879 deputato,
151 1839 170 1869 et
182 1833 223 1880 ipse
238 1833 290 1880 prior
299 1834 394 1881 generatis
408 1834 437 1869 vel
450 1834 492 1881 ejus
504 1833 587 1870 vicarius
599 1833 704 1880 deputatus

37 1901 105 1937 hubent
117 1901 141 1938 de
151 1901 206 1939 dictis
215 1902 346 1939 taxationibus
356 1902 431 1939 mittere
444 1906 462 1938 et
471 1903 546 1939 soluere
555 1901 661 1939 conventui
672 1901 706 1937 Pa-

59 2037 78 2078 [ιζ]
89 2037 172 2079 Beyanus
181 2044 218 2069 erat
225 2037 307 2069 novellus
315 2036 408 2070 arvenirn
415 2037 482 2075 s:holo,
490 2036 527 2079 qui,
536 2036 561 2068 uti
572 2037 631 2068 adbuc
639 2036 706 2069 nostris

37 2095 148 2136 temporibus
159 2095 223 2137 passim
232 2095 336 2138 contingere
343 2095 396 2136 solet,
405 2095 465 2127 multis
472 2095 587 2127 contumetiis
595 2094 705 2136 subiicieba-

37 2160 72 2190 tur,
81 2163 90 2184 a
100 2152 166 2195 quibus
176 2154 268 2185 studentes
274 2153 364 2195 regulares
373 2152 448 2184 omnino
455 2154 516 2184 abesse
523 2153 604 2185 decebat.
612 2152 704 2185 Permitti-

37 2217 67 2242 tur
79 2217 145 2251 tamen,
156 2211 204 2253 quod
212 2211 230 2243 hi
240 2210 323 2244 convivio
332 2210 365 2243 sibi
379 2222 389 2243 a
401 2210 474 2243 novello
483 2211 545 2243 obtato
557 2210 646 2243 intersint.
657 2210 704 2244 Uni-

38 2268 111 2300 versitas
120 2269 231 2301 studentium
239 2277 255 2301 er
266 2269 393 2311 magistrorum
402 2268 476 2301 Parisiis
486 2277 504 2302 et
516 2269 558 2301 alibi
569 2270 669 2303 secundum
677 2269 703 2301 lo-

38 2336 79 2358 cum
87 2326 162 2369 originis
171 2337 234 2359 eorum
243 2327 261 2359 in
271 2327 353 2360 nationes
361 2326 481 2360 dividebatur.

60 2386 82 2425 (2)
93 2384 187 2417 Omittirur
196 2385 225 2417 hic
235 2385 303 2427 species
313 2395 379 2427 poenae.
