1631 2703
99 131 125 169 40
357 130 519 161 CONSTITUTIONES

129 217 159 256 17.
172 208 241 246 Nullus
257 207 316 245 etiam
324 207 401 256 publice
413 207 518 257 praedicare
530 209 637 256 praesumat
652 205 709 258 (Fol.
719 218 746 249 ,12
754 205 774 259 a)

100 277 137 314 nisi
149 277 233 326 apriore
245 276 330 327 generali
343 277 373 315 vel
383 277 468 325 capitulo
480 276 592 325 provinciali
607 276 665 315 fuerit
676 277 775 315 examina-

99 350 133 387 tus
145 351 165 385 et
175 346 292 391 licentiatus,
309 347 346 384 sub
356 357 415 395 poena
433 345 529 395 gravioris
541 347 604 396 eulpae
614 358 648 396 per
657 347 674 384 X
683 346 733 385 dies.

241 475 302 514 Rom.
316 475 346 514 Xl.
358 474 385 513 Da
397 486 523 515 conmunione
535 485 632 516 eulruuu.

132 614 148 640 1.
162 602 283 641 Communio
292 604 374 641 fratrum
382 603 415 641 fiat
424 603 487 641 decies
495 603 514 641 in
522 614 575 641 anno
584 614 588 641 z
602 602 665 652 prima
677 602 777 641 lnNativi-

101 677 140 710 tate
155 671 242 717 Domini,
256 673 308 710 anda
321 671 341 710 in
358 672 493 711 Purificatione
502 672 523 710 Β.
539 671 610 717 Mariae,
621 671 666 722 aria
678 672 697 710 in
715 672 777 711 Coerra

103 741 190 788 Domini,
204 753 242 791 qua
260 742 291 779 die
309 742 332 779 de
345 754 404 780 manu
417 742 490 792 praelati
504 743 599 780 volumus
618 753 688 780 omnes
708 743 777 780 fratres

101 810 250 860 communicari,
261 816 293 860 ata
302 811 336 850 fiat
350 811 369 849 in
380 811 536 850 Annuntiatione
545 811 565 849 Β.
573 810 646 857 Mariae,
663 810 720 861 §lain
728 812 777 849 lesto

102 869 187 925 Paschae,
202 880 261 919 otain
273 881 395 925 Pentecoste,
410 891 456 929 7ma
467 882 487 919 in
507 880 650 930 Assumptione
666 881 687 920 B.
704 881 776 926 Mariae,

103 952 140 1003 tiva
148 950 167 988 in
179 950 283 988 Nativitate
295 951 391 1000 ejusdem,
403 962 441 1000 ona
453 950 473 988 in
486 951 536 989 sesto
543 951 640 989 Omnium
652 950 777 996 Sanctorum,

107 1031 162 1058 roma
172 1019 234 1069 prima
251 1019 351 1059 dominica
365 1020 469 1059 adventus
484 1019 570 1058 Domini.
589 1020 608 1058 ln
621 1019 651 1058 bis
665 1020 779 1059 solemnita-

104 1090 158 1128 tibus
168 1090 234 1128 nullus
246 1091 304 1128 irater
316 1089 390 1138 absque
400 1090 477 1128 licentia
489 1090 520 1128 sui
535 1089 606 1139 prioris
617 1102 627 1127 a
637 1090 779 1128 communione

104 1170 126 1213 se
138 1159 250 1197 abstrahere
261 1163 374 1208 prasumat,
388 1159 426 1197 sub
437 1170 495 1208 poena
500 1159 593 1209 gravioris
610 1160 673 1209 culpae
682 1171 716 1209 per
727 1160 778 1198 duos
797 1203 800 1207 ,

105 1229 154 1272 dies,
168 1241 187 1266 2.
201 1229 343 1267 Verumtamen
357 1230 424 1267 iratres
439 1229 530 1278 professi,
544 1233 603 1278 prout
615 1228 643 1268 eis
652 1229 705 1268 Deus
720 1229 780 1268 devo-

105 1299 180 1353 ¹tionem
193 1298 304 1343 contulerit,
317 1298 387 1337 diebus
397 1298 501 1337 dominicis
510 1304 530 1336 et
541 1298 595 1337 iestis
604 1298 716 1349 duplicibus
725 1311 781 1338 com-

105 1368 206 1423 municare
218 1372 318 1417 poterunt.

133 1450 151 1487 3.
170 1438 291 1477 Ordinamus
311 1438 369 1476 etiam
388 1443 407 1476 et
424 1439 519 1477 volumus
530 1443 553 1477 ut
571 1439 640 1477 iratres
658 1438 721 1477 nostri
738 1443 779 1477 tam

103 1508 232 1556 clericiquam
245 1507 286 1545 laici
295 1508 472 1557 (qui)temporibus
479 1507 557 1547 statutis
570 1508 589 1546 in
597 1507 665 1557 majori
673 1508 734 1546 missa
740 1508 780 1546 sint

105 1578 276 1620 communicaturi,
290 1578 392 1616 sacerdote
406 1579 553 1616 communicato
561 1577 581 1615 in
595 1577 656 1617 stallis
666 1577 707 1616 suis
715 1578 781 1633 humi<

105 1639 148 1701 liter
159 1648 313 1697 genuflectendo
332 1647 403 1685 saciant
418 1647 572 1691 contessionem,
597 1647 669 1696 quibus
684 1648 780 1687 absolutis

106 1717 170 1766 primo
182 1716 331 1755 communicent
349 1716 432 1754 ministri
444 1705 516 1762 altaris,
530 1717 600 1755 deinde
613 1716 654 1755 bini
670 1702 689 1755 et
697 1716 738 1755 bini
750 1728 780 1755 se-

107 1786 194 1824 cundum
204 1786 294 1824 ordinem
304 1786 328 1823 ad
342 1786 416 1835 gradus
432 1787 497 1824 altaris
510 1784 645 1839 [revertentes]
654 1786 753 1830 accedant,
761 1791 780 1824 et

107 1848 227 1894 revertantur
247 1856 284 1894 sub
297 1856 332 1893 bac
340 1857 410 1900 forma,
422 1860 444 1894 ut
455 1856 503 1894 dum
516 1855 573 1905 primi
585 1855 734 1894 communicant
745 1867 780 1894 eos

106 1918 193 1963 secuturi
212 1935 291 1973 semper
307 1924 346 1962 sint
360 1925 420 1973 parati
430 1929 475 1962 ante
485 1925 569 1973 gradum
578 1924 699 1969 interiorem,
713 1929 732 1963 et
743 1926 781 1963 hoc

47 2032 48 2035 ,
106 1994 167 2032 modo
180 2005 201 2032 se
210 1993 295 2032 habeant
306 2006 317 2031 a
327 1994 395 2042 primis
405 2005 468 2043 usque
477 1994 501 2031 ad
511 1994 640 2041 novissimos,
649 1993 761 2043 incipiendo
770 2007 780 2031 a

106 2063 225 2101 senioribus.
235 2064 261 2101 lta
270 2068 337 2101 tamen
347 2064 401 2112 quod
413 2064 429 2102 si
437 2063 522 2112 aliquem
533 2062 552 2100 in
560 2063 600 2100 ime
609 2061 704 2112 imparem
714 2063 780 2101 venire

106 2132 217 2182 contigerit,
228 2132 304 2171 socium
314 2133 469 2171 deinserioribus
479 2132 566 2181 accipiat,
581 2132 614 2182 qui
624 2144 669 2170 eum
682 2133 702 2171 in
714 2133 780 2172 eundo

106 2186 125 2240 et
133 2202 233 2240 redeundo
246 2202 336 2241 associet.

132 2283 152 2320 4.
166 2272 337 2320 Qrotiescumque
354 2277 420 2310 autem
436 2271 584 2309 communicant
594 2272 683 2309 iratresa
701 2271 781 2310 duobus

105 2345 194 2379 teneatur
206 2340 278 2378 linteus
290 2340 323 2389 qui
341 2340 413 2378 mentis
433 2340 623 2379 communicantium
644 2340 779 2379 submittatur.
