1631 2703
113 130 151 158 212
373 131 518 161 ADNOTATIONES

112 204 254 251 plicueruntn..
269 204 342 242 Deinde
354 216 405 242 anno
423 204 502 242 Domini
519 216 567 251 1240
579 204 734 243 christianissimi
746 205 782 242 mi-

49 314 51 317 4
111 272 153 309 lites
161 272 255 311 dominus
261 274 358 320 lohannes
366 274 429 323 Vescy
436 277 454 311 et
461 272 554 312 dominus
561 273 711 323 RicardusGrey
721 273 782 311 natio-

111 351 135 377 ne
147 341 217 390 anglici
229 353 273 378 cum
283 343 364 379 Ricardo
377 342 447 379 comite
458 342 563 380 Comubiae
575 343 632 379 tratre
641 342 716 379 Hennei
732 342 781 390 regis

110 409 216 457 Angliaead
223 409 302 447 Terram
309 410 397 447 Sanctam
405 411 585 457 tr·ansfretaverunt;
598 415 642 459 post
652 411 726 448 multos
735 421 781 448 vero

111 481 165 514 actus
177 478 256 515 bellicos
269 478 288 515 in
303 478 402 516 Palaestina
419 483 485 515 contra
498 478 587 516 infideles
599 483 679 516 strenue
694 483 781 526 peractos

112 545 136 582 de
148 545 205 583 Terra
215 546 283 584 Sancta
296 547 318 584 ad
331 547 424 596 Angliam
435 552 543 585 remeantes
552 547 649 595 quosdam
662 547 721 595 buius
739 547 781 583 reli-

111 613 177 662 gionis
191 616 260 653 naues
273 616 362 665 anglicos
372 615 395 653 de
409 615 484 653 licentia
500 615 569 664 prioris
581 615 694 653 monasterii
707 615 781 652 montis

111 683 193 720 Carmeli
206 694 272 720 secum
282 695 306 721 ex
316 684 419 721 devotione
431 684 454 721 ad
466 684 557 732 Angliam
569 684 669 721 duxerunt
678 695 697 721 a.

137 753 186 797 Qrae
199 752 264 789 omnia
282 764 350 801 parum
369 752 404 790 sibi
417 753 513 790 cohaerere
530 753 635 800 videntur;
653 751 780 790 contusiones

112 825 177 857 autem
191 820 263 858 facilius
273 821 434 858 demonstrantur
445 832 504 869 quam
521 822 653 858 resolvuntur.
669 821 779 865 Enimvero,

110 888 146 926 etsi
164 889 218 936 plura
227 888 246 925 in
259 889 301 937 ipso
313 899 367 925 sacro
381 894 448 926 monte
457 890 550 926 celebrata
559 889 726 936 fuerintcapitula‚
734 901 779 927 curn

110 967 133 994 ex
144 961 241 1005 praecepto
255 959 326 1006 regulae
335 968 375 994 non
389 962 466 995 tantum
482 969 517 1006 pro
530 958 651 1007 correptione
669 959 778 1006 culparum,

110 1025 144 1062 sed
152 1026 219 1074 procul
227 1025 286 1063 dubio
297 1012 354 1063 etiam
365 1038 399 1074 pro
407 1028 537 1064 transactione
545 1027 669 1074 negotiorum
679 1034 697 1063 et
707 1033 779 1063 eventu

87 1145 89 1148 ᾖ
111 1098 229 1137 occurrente,
244 1105 278 1143 pro
291 1094 385 1132 electione
401 1094 478 1142 prioris,
492 1095 575 1143 singulis
588 1094 692 1133 dominicis
709 1094 779 1132 diebus

111 1163 217 1211 capitulum
226 1163 339 1200 habendum
352 1168 410 1207 esset,
424 1152 448 1200 de
460 1163 518 1200 unico
528 1175 596 1201 eorum
605 1168 681 1201 tantum
691 1162 780 1211 aliqualis

110 1231 135 1267 ad
142 1241 179 1268 nos
187 1232 274 1279 pervenit
287 1232 361 1269 notitia.
375 1232 403 1268 De
413 1243 466 1268 anno
478 1243 524 1269 vero
535 1243 574 1280 quo
586 1232 704 1269 celebratum
722 1231 780 1269 fuerit

111 1310 151 1336 non
163 1300 211 1337 levis
220 1300 277 1337 datur
288 1300 401 1348 ambigendi
416 1301 477 1338 loeus.
489 1300 596 1349 Assignant
611 1300 697 1348 praedicti
712 1305 779 1338 aucto·

110 1379 141 1405 res
152 1374 254 1416 tamquam
265 1368 391 1406 terminumn
404 1380 443 1416 quo
453 1369 600 1416 computandus
610 1369 635 1406 sit
644 1379 716 1413 annus,
728 1379 780 1406 rnor-

108 1442 148 1474 tem
161 1437 233 1486 Cprilli,
247 1437 296 1475 tertii
310 1437 386 1485 prioris,
398 1443 416 1474 et
428 1437 583 1475 Cluistiauorum
596 1437 669 1475 cladem
679 1436 731 1485 apud
743 1437 780 1476 Ga-

108 1517 158 1542 zam.
177 1505 214 1543 Sed
231 1506 428 1542 animaduertendum
448 1516 483 1543 uos
501 1516 581 1553 prorsus
597 1506 654 1543 latere
667 1517 706 1553 quo
726 1516 779 1543 anno

109 1573 191 1623 Cyrillus
204 1573 222 1611 in
236 1574 319 1622 priorem
340 1578 455 1622 assumptus
474 1574 537 1617 tuerit,
554 1573 671 1622 quotannis
689 1572 777 1611 ordinem

109 1642 255 1691 gubernaverit,
269 1654 309 1691 quo
326 1653 378 1680 anno
393 1642 485 1680 ultimum
504 1642 594 1680 clauserit
605 1642 665 1680 diem.
681 1641 699 1680 Si
712 1643 779 1680 credas

109 1711 270 1761 Palaeonydorum
282 1711 330 1749 obiit
341 1722 392 1748 anno
408 1721 468 1761 [2033
483 1711 498 1748 si
508 1711 608 1756 Lezanam,
622 1722 674 1749 anno
693 1706 749 1758 1224}
763 1711 779 1747 si

109 1780 189 1818 tandem
197 1780 275 1818 Buleum
285 1784 400 1828 anteponas,
410 1791 461 1818 anno
480 1790 536 1829 1234.
549 1780 575 1818 At
592 1779 710 1818 haecomnia
720 1779 778 1817 meris

110 1848 226 1897 conjecturis
244 1849 340 1886 nituntur.
362 1847 432 1886 Nullus
453 1854 544 1897 praeterea
567 1853 655 1896 superest
677 1850 779 1897 catalogus

111 1917 197 1966 priorum
209 1917 328 1966 generalium
344 1928 354 1953 a
372 1916 467 1965 principio
479 1916 560 1961 ordinis
571 1918 642 1954 saeculo
656 1916 777 1965 quintodeci-

110 1997 143 2023 mo
153 1985 257 2034 antiquior,
271 1996 307 2023 nec
316 1984 393 2022 aliunde
405 1984 478 2033 aliquid
488 1989 563 2022 certum
573 1985 613 2023 erui
623 1990 695 2034 potest.

136 2053 204 2092 Clades
221 2064 268 2091 vero
286 2052 441 2091 Christianorum
453 2053 505 2101 apud
518 2053 588 2090 Gazam
601 2053 631 2090 die
645 2063 667 2100 17
687 2054 778 2091 Octobris

112 2133 160 2171 1244
175 2124 224 2160 tacta
237 2127 267 2160 est
279 2133 319 2171 quo
331 2126 420 2170 tempore
433 2121 457 2159 ab
469 2121 568 2170 aliquibus
580 2122 618 2169 iam
633 2122 690 2159 annis
699 2122 779 2159 Carme-

109 2192 147 2229 litae
159 2196 188 2229 sat
197 2191 277 2229 firmiter
286 2190 305 2228 in
320 2191 394 2239 Europa
406 2190 484 2228 stabiliti
497 2195 558 2227 erant.
572 2190 701 2227 Autumarem
711 2190 778 2228 Sanvi-

109 2272 154 2299 cum
166 2261 209 2299 loco
226 2260 282 2299 Gazae
298 2260 415 2298 Ascalonem
433 2258 539 2297 intendisse
557 2258 591 2297 ubi
603 2259 660 2296 etiarn
674 2258 778 2297 Christiani

109 2329 234 2374 aSaracenis,
248 2340 319 2378 nempe
331 2328 362 2366 die
381 2339 401 2378 13
415 2327 533 2366 Novembris
548 2339 597 2378 1239
615 2328 698 2377 superati
716 2329 775 2367 tuere.

109 2398 158 2443 Qrae
167 2398 183 2436 si
192 2409 236 2437 vera
246 2402 298 2437 esset
309 2396 405 2436 sententia
418 2407 457 2435 non
469 2395 597 2446 improbabile
614 2395 710 2435 videretur
726 2397 777 2446 capi-
