1631 2703
297 93 441 134 nsnsorcrrouss
699 96 710 135 7

35 180 157 219 quemquam
174 170 199 207 ad
211 170 353 220 professionem
367 170 426 209 vestri
438 170 514 210 ordinis
524 182 560 210 seu
572 171 596 210 ad
609 171 710 210 renuntia-

36 240 111 278 tionem
123 239 189 277 saeculi
201 239 308 278 faciendam
327 239 411 289 recipere
430 240 516 288 valeatis,
529 253 565 278 nec
578 240 709 280 constitutum

37 310 85 347 infra
105 309 219 358 hujusmodi
240 321 315 348 annum
334 310 457 359 aliquatenus
481 310 581 359 impedire,
602 311 710 359 quominus

37 380 78 428 ipse
101 378 125 416 ad
137 379 192 416 aliam
211 378 325 429 religionem
346 391 406 429 quam
428 379 518 418 maluerit
540 384 633 418 transeat.
657 380 711 419 Alias

37 449 80 487 talis
97 448 193 497 professio
211 448 276 497 quoad
296 449 351 486 illum
369 449 458 487 ordinem
475 454 506 488 est
524 449 576 487 irrita
599 454 618 488 et
636 451 711 498 profes-

37 522 102 556 santes
124 530 134 554 a
154 517 276 567 professione
296 518 431 567 quorumlibet
456 518 499 567 ipso
521 520 571 556 facto
600 524 648 557 sunt
667 530 712 557 sus-

38 587 99 637 pensi,
110 591 129 625 et
138 587 221 636 graviori
232 599 290 636 poena
303 587 333 626 sui
341 587 415 626 ordinis
425 587 578 639 puniendi.(1)»
591 588 613 626 Et
624 588 668 626 ideo
677 600 712 626 an·

37 662 117 706 tequam
129 661 209 705 tempus
228 656 356 705 professionis
374 657 440 695 veniat
457 657 675 706 quaeraturdiligenter.
695 658 711 695 si

38 726 177 775 professandus
190 726 215 764 sit
226 726 267 764 Xll'
279 737 376 764 annorum
389 727 501 776 complete3
521 727 537 765 si
556 727 588 771 sit,
604 732 653 765 tunc
664 738 711 766 cum

37 800 117 844 tempus
133 795 261 843 professionis
277 796 377 833 advenerit
387 796 474 834 novitius
487 796 603 834 confiteatur
612 801 649 834 etc.
661 796 712 843 sicut

38 865 57 902 in
68 864 178 913 receptione
188 864 273 912 ponitur,
290 865 346 903 fiant.
357 864 379 902 Et
391 865 475 903 vestitus
489 865 554 903 tunica
562 865 605 903 sine
617 865 712 913 scapulari

38 939 57 972 et
66 945 127 982 cappa
138 934 162 970 ad
178 933 285 982 capitulum
299 933 387 971 ducntur.
397 933 419 971 Et
428 934 461 971 frat
471 934 521 972 sicut
533 934 553 972 in
564 934 673 983 receptione
683 939 712 971 est

39 1003 145 1052 signatum,
156 1007 175 1039 et
187 1002 261 1040 eaedem
275 1003 396 1050 quaestiones
409 1008 521 1051 quaerantur
530 1014 575 1052 quae
587 1014 653 1052 supra.
663 1002 710 1048 Qui,

39 1072 54 1109 si
74 1071 239 1120 impedimentum
252 1071 375 1120 professandi
388 1082 428 1109 non
445 1072 535 1120 patiatur,
554 1071 609 1109 flexis
626 1072 712 1121 genibus
756 1108 758 1111 .

39 1145 98 1190 ponat
111 1151 181 1178 rnanus
201 1140 252 1177 inter
264 1151 335 1178 manus
353 1139 476 1188 praesidentis
493 1145 511 1178 et
523 1141 587 1179 dicat:
601 1141 642 1190 Ego
655 1141 713 1177 frater

92 1228 103 1273 (
104 1226 120 1264 C
121 1228 172 1263 erem
184 1228 206 1263 rri
214 1225 265 1274 infru
275 1225 357 1263 Robrica
365 1225 428 1272 XIV).

130 1352 179 1404 (Fol.
192 1352 232 1403 ab)
245 1356 367 1390 Benedictio
379 1366 489 1390 caseorum
497 1358 518 1390 et
526 1366 619 1397 ovorum.

66 1476 150 1526 Dignare
162 1475 245 1514 Domine
257 1475 384 1525 omnipotens
399 1476 452 1514 Deus
464 1476 514 1513 bene
530 1474 544 1527 †
556 1475 618 1513 dicere
631 1479 650 1512 et
662 1486 716 1513 sanc-

40 1546 111 1583 tificare
130 1547 178 1583 lianc
194 1550 301 1583 creaturam
321 1545 378 1589 casei,
398 1556 458 1592 quam
477 1556 501 1582 ex
524 1544 581 1592 adipe
598 1544 713 1581 animalium

42 1615 147 1663 producere
156 1615 250 1664 dignatus
260 1626 287 1659 es,
299 1620 321 1652 ut
328 1614 448 1662 quicumque
455 1626 479 1651 ex
489 1613 569 1662 populis
576 1613 615 1651 tuis
623 1613 715 1651 fidelibus

42 1684 94 1721 deea
105 1684 233 1728 comederint,
253 1684 308 1722 omni
328 1683 466 1721 benedictione
484 1683 558 1721 coelesti
579 1687 598 1720 et
609 1682 670 1731 gratia
682 1686 716 1720 tua

42 1753 120 1791 sarumri
130 1753 267 1803 repleanturin
278 1752 342 1791 bonis,
352 1752 394 1791 Per.
446 1753 448 1756 ’

261 1883 383 1918 Benedictio
395 1893 491 1916 ovorum.

69 2009 161 2049 Oremus.
173 2009 286 2053 §obveniat
295 2009 386 2052 Domine,
401 1995 517 2056 quaesumus
526 2011 565 2044 tuae
573 2004 717 2044 benedictionis

43 2079 103 2131 gratia
118 2079 163 2117 nuic
183 2090 267 2117 ovorum
290 2083 390 2123 creaturae,
409 2077 433 2114 de
453 2088 492 2124 qua
510 2076 575 2124 pullos
599 2074 716 2124 gallinarum

43 2148 134 2197 dignatus
146 2160 167 2186 es
180 2148 287 2197 procreato
300 2151 323 2185 ut
337 2146 393 2184 cibus
405 2145 489 2184 salubris
500 2145 534 2183 frat
541 2144 580 2183 fuis
592 2143 684 2182 fidelibus
696 2143 717 2180 in

43 2221 122 2255 tuarum
135 2217 241 2266 gratiarum
255 2217 330 2254 fictione
340 2215 474 2254 sumentibus.
491 2215 533 2253 Per.

68 2374 88 2416 (1]
103 2376 143 2407 Non
151 2375 226 2408 omnino
236 2374 335 2407 concordat
345 2384 386 2407 cum
399 2379 448 2406 textu
458 2372 540 2405 canonis.
