1616 2703
57 97 95 134 3¹0
317 95 466 125 ΑῡΝοτΑτιοΝΕε

56 181 173 220 persuasum
185 175 215 209 est
233 171 322 209 Bostium
332 171 414 220 explosa
430 169 547 209 confusione
566 169 618 208 inter
637 168 731 220 cyrillum

55 240 179 278 Carmelitam
190 245 209 278 et
218 240 382 284 Alexandrinum,
396 238 542 278 dissensionem
559 239 617 277 istam
629 240 672 278 loco
685 250 732 277 con-

54 309 155 348 troversiae
165 310 288 348 Nestorianae
295 309 384 347 finxisse.
398 309 490 347 Similiter
501 309 559 346 altera
579 308 670 347 conlusio
681 308 732 346 inter

56 383 147 417 nostrum
155 379 250 429 Cyrillum
263 383 282 416 et
290 378 492 426 Hierosolymitanum
502 388 570 415 ansam
583 377 660 416 videtur
669 377 732 415 dedis·

55 458 77 485 se
88 447 192 486 assertioni
204 443 271 495 ssos'rii,
282 459 354 496 nempe
364 447 495 485 Coelestinum
505 447 524 484 lll
532 446 604 497 Cyrillo
617 446 732 496 patriarcha-

55 522 98 554 tum
107 517 308 567 Hierosolymitanum
318 516 415 555 obtulisse
427 527 487 565 quam
500 516 615 564 dignitatem
634 515 732 554 humilita-

55 586 81 624 tis
90 597 148 624 causa
158 587 295 624 recusavisset.
308 585 359 623 Cum
378 586 430 623 enim
443 586 467 623 de
479 585 603 623 institutione
615 585 733 634 patriarcha-

56 667 100 694 rurn
111 655 334 706 hierosolymitanorum
347 659 390 692 tum
407 666 441 704 per
455 654 563 703 diplomata
575 666 621 693 curn
639 665 677 705 per
685 654 733 692 scri-

56 730 123 774 ptores
131 724 177 762 Belli
187 724 235 762 sacri
242 724 331 774 apprime
340 724 403 761 edocti
412 724 482 768 simus,
494 724 552 761 etiam
563 723 620 761 istam
628 723 731 773 legendam

55 795 112 844 plane
125 793 248 843 rejiciendam
263 804 342 832 censeo.

83 864 151 901 Baleus
161 863 220 901 Bostii
237 862 327 912 vestigiis
338 862 453 900 inhaerendo
468 862 571 911 sequentia
582 873 641 911 opera
660 862 733 912 Cyrillo
790 906 792 916 x

56 931 148 970 adscribit
157 933 195 979 (1),
204 943 290 980 quorum
302 932 366 980 aliqua
375 931 454 980 quidem
464 936 578 980 supersunt,
590 931 681 980 quamvis
692 942 733 968 non

56 1001 96 1039 sint
102 1000 203 1050 genuinus
212 1001 277 1050 Cyrilli
285 1002 354 1045 foetus,
366 1005 427 1037 cetera
437 1011 484 1038 vero
494 1011 539 1049 quae
548 1011 658 1049 numquam
665 999 733 1037 viden·
790 1019 792 1032 :

57 1075 89 1108 tur
97 1069 185 1108 extitisse
193 1075 295 1119 tamquam
305 1069 371 1116 fictitia
381 1070 470 1107 habenda
480 1075 537 1107 sunt:
790 1118 792 1122 Δ

51 1152 76 1178 ·1.
88 1141 116 1177 De
128 1140 212 1177 Oraculo
232 1140 329 1188 angelico.
343 1139 403 1188 incip.
414 1139 487 1178 Domui
501 1139 561 1177 totius
573 1139 644 1177 divinae
658 1138 734 1188 sapien·

57 1209 90 1246 tiae
98 1207 120 1259 (i.
134 1220 151 1246 e.
165 1208 247 1257 epistola
258 1209 282 1246 ad
294 1208 385 1246 abbatem
395 1208 491 1255 Joachim,
502 1208 526 1245 de
538 1220 576 1257 qua
591 1209 666 1257 supra).

58 1291 77 1316 2.
88 1279 194 1316 Oraculum
204 1278 325 1327 angelicum.
336 1277 394 1326 lncip.
405 1277 504 1326 Tempore
513 1288 611 1315 annorum
621 1276 700 1322 Christi,
710 1276 734 1314 de

58 1359 99 1396 quo
111 1357 169 1395 supra
179 1345 229 1397 egi(
244 1348 258 1395 ).
789 1387 791 1400 Σ

57 1428 77 1467 3.
86 1417 114 1454 De
126 1427 220 1464 processu
229 1416 260 1454 sui
270 1415 357 1453 Ordinis.
368 1415 427 1464 lncip.
440 1415 502 1452 Sacrae
514 1415 573 1461 hujus
582 1414 689 1464 religionis.
699 1415 734 1452 Ex·
788 1429 791 1462 r

58 1490 86 1523 tat
94 1485 146 1534 apud
157 1484 270 1533 Philippum
290 1484 356 1522 Riboti
376 1485 396 1522 in
408 1484 491 1533 Speculo
501 1483 640 1531 Carmelitano,
651 1482 684 1521 lib.
697 1483 734 1521 Vlll

59 1565 116 1603 capp.
133 1565 169 1604 1—3.
183 1553 238 1591 liber
249 1553 286 1591 iste
298 1564 338 1590 non
348 1553 382 1591 diu
393 1558 439 1602 post
447 1557 532 1590 mortem
544 1554 563 1592 S.
577 1552 665 1591 Brocardl
687 1564 735 1590 con-

60 1624 146 1672 scriptus
154 1623 191 1661 luit
200 1628 219 1660 et
231 1623 311 1671 quidem
322 1634 356 1671 per
368 1622 469 1660 hominem
479 1622 570 1667 latinum,
584 1622 604 1660 ni
615 1623 671 1660 fallor
680 1622 736 1671 galli·
788 1646 790 1677 l

60 1704 88 1730 cae
97 1691 189 1737 nationis,
197 1692 213 1729 si
225 1692 281 1730 liceat
288 1692 416 1740 conjecturari
424 1703 476 1730 exeo
486 1691 540 1740 quod
550 1691 569 1729 in
579 1692 679 1730 locutione
688 1702 699 1729 <r
706 1690 735 1728 vir

61 1762 142 1810 quidem
152 1761 242 1798 amabilis
248 1761 296 1806 Deo,
304 1760 507 1810 nomineAymericus
516 1760 586 1798 »istud
595 1771 667 1798 nomen
677 1772 687 1797 a
695 1771 736 1797 ver-

61 1831 87 1869 bo
101 1830 161 1869 almer
172 1830 261 1869 videatur
272 1830 365 1868 derivare.
379 1830 445 1868 Alium
458 1831 523 1867 locum
536 1830 570 1878 qui
582 1830 665 1868 habetur
682 1829 735 1879 apud
785 1854 787 1863 ι

60 1900 168 1938 Ribotilib.
180 1900 210 1937 Vll
225 1899 294 1948 caph
311 1911 370 1947 supra
390 1899 469 1937 ostendi
481 1910 524 1936 esse
541 1899 680 1948 interpolatum
696 1901 734 1948 (3).
787 1883 788 1888 ¹

83 2036 152 2079 (1)th
163 2036 233 2078 Harley
240 2036 292 2077 3838,
305 2034 336 2068 fol.
345 2036 377 2068 158
386 2047 401 2068 a.

83 2097 104 2135 12)
115 2094 181 2127 Baleus
188 2105 209 2127 ex
218 2093 300 2127 Joachim
310 2094 390 2136 abbate(
398 2093 430 2137 qui
440 2101 500 2126 tamen
510 2103 530 2125 ea
539 2093 561 2125 de
569 2103 587 2125 re
595 2092 640 2125 nihil
648 2092 711 2135 haber)
718 2100 736 2126 et
786 2107 788 2109 >

61 2154 129 2186 Hasart
136 2152 199 2185 asserit
207 2152 305 2186 Oracnltnn
313 2162 345 2195 per
352 2152 449 2195 quemdam
457 2153 531 2185 Eartum
539 2161 618 2195 graecum
625 2150 735 2194 (aliasinau-

60 2212 128 2253 ditum)
137 2222 190 2255 quem
199 2211 293 2244 eremitam
308 2222 328 2243 ac
336 2212 354 2244 S.
365 2210 452 2244 Brocardi
462 2210 575 2253 'discipulum
590 2209 646 2244 fuisse
658 2210 735 2252 tradi1‚e

60 2281 119 2314 graeco
125 2280 209 2303 sermone
216 2270 235 2303 in
245 2269 322 2303 latinum
331 2269 439 2302 translatum
451 2279 496 2302 esse.
510 2269 550 2303 MS.
564 2269 632 2312 Harley
642 2268 734 2311 3838,f01.

62 2318 117 2363 itan)

84 2387 105 2431 13]
117 2388 136 2420 Ρ,
147 2398 187 2430 224.
