1631 2703
257 137 325 167 oetier.
338 139 357 166 n.
371 139 389 166 o.
406 125 461 178 1336.
511 117 513 120 ’
654 137 686 177 ¹3¹

24 209 93 249 vinciis
104 210 145 250 suis
157 205 307 261 relinquantvel
318 213 418 262 resignent
428 212 444 250 si
455 213 479 250 ad
491 212 579 250 studium
591 211 692 262 Parysien-

24 290 45 317 se
57 280 86 317 vel
103 280 127 317 ad
147 280 183 318 alia
194 281 258 319 studia
278 281 375 331 generalia
390 281 450 318 velint
467 280 584 330 promoveri.
604 280 691 319 Scolares

25 359 71 386 vero
85 349 172 397 ejusdem
191 349 294 398 provinciae
308 350 391 387 Franciae
403 350 436 398 qui
451 349 541 400 Parysius
553 351 693 388 conventuales

24 417 111 456 existunt
120 417 139 456 in
147 413 241 457 omnibus
250 419 378 457 electionibus
386 418 574 467 prioris,subprioris
580 423 600 456 et
606 418 691 457 sacristae

25 491 44 523 et
55 487 160 528 custodum
169 491 187 525 et
195 488 242 525 socii
254 487 322 536 prioris
336 488 360 525 ad
372 488 479 537 capitulum
489 483 605 536 provinciale
626 489 671 536 pros
682 510 690 515 -

26 555 74 601 cturi
86 556 175 605 Parysius
184 561 203 594 et
215 567 254 594 non
266 556 311 593 alibi
323 557 406 593 habeant
417 567 475 593 voces
488 567 540 594 suas.

52 609 98 661 ltem
115 636 161 663 cum
173 625 274 663 bachalarii
284 630 303 662 et
319 626 404 668 scolares
422 624 571 662 universitatum
583 624 658 673 Angue
673 626 693 663 in

25 693 102 731 Oxonia
111 698 130 730 et
140 694 262 743 Cantabrigia
273 695 318 731 citra
328 694 458 731 cessationem
473 693 613 742 magistrorum
632 694 651 731 in
668 706 695 731 ae-

27 766 76 800 state
91 762 124 799 fiat
135 763 203 800 electio
212 763 310 801 sociorum
329 762 397 812 prioris
410 762 513 811 utriusque
530 768 640 800 conventus
654 774 694 801 non

26 824 117 869 obstante
124 832 289 870 constitutionein
296 831 499 880 Rubricadecapitulo
505 831 629 870 conventuali
639 832 693 880 quod

26 900 94 938 electio
106 900 152 938 socii
162 900 230 949 prioris
239 901 263 938 ad
273 900 379 949 capitulum
389 900 505 948 provinciale
513 900 552 937 fieri
563 900 632 938 habeat
645 900 695 938 infra

26 974 70 1006 0:10
82 969 123 1007 dies
135 974 180 1007 ante
192 980 290 1007 recessum
302 969 372 1017 prioris
381 969 401 1006 in
410 980 449 1017 qua
456 969 535 1018 quidem
545 970 639 1007 electione
648 980 694 1006 cum

26 1038 94 1076 ceteris
101 1038 192 1075 fratribus
199 1038 295 1076 dictorum
304 1042 438 1075 conventuum
447 1037 565 1075 Oxoniensis
572 1043 591 1074 et
597 1038 697 1076 Cantabri-

27 1105 101 1155 giensis
119 1105 215 1155 magistri,
230 1105 332 1143 bachalarii
344 1100 364 1143 et
374 1107 459 1143 scolares
470 1102 554 1143 lrab'eant
568 1117 626 1144 voces
641 1117 694 1151 suas,

28 1186 63 1213 nec
72 1176 91 1212 in
100 1175 142 1213 aliis
154 1175 285 1213 conventibus
300 1174 427 1212 electionibus
437 1175 535 1212 sociorum
546 1174 633 1223 priorum
643 1176 694 1213 loca-

28 1243 76 1281 lium
83 1243 283 1291 seuquibuscumque
290 1243 331 1280 aliis
340 1242 540 1296 electionibusadalia
549 1243 611 1280 officia
620 1244 697 1281 valeant

27 1308 121 1350 interesse
132 1317 166 1350 aut
177 1311 247 1361 eligere
259 1317 292 1349 aut
303 1311 347 1361 eligi
357 1322 361 1359 ;
383 1312 437 1359 quod
457 1312 473 1350 si
485 1323 577 1349 excausa
590 1312 697 1350 necessaria

28 1381 76 1417 circu
89 1380 202 1428 huiusmodi
214 1380 343 1418 cessationem
357 1381 496 1428 magistrorum
509 1380 532 1417 in
545 1386 611 1418 aestate
627 1381 697 1429 aliquis

27 1449 85 1485 irater
97 1448 194 1486 dictorum
206 1453 341 1486 conventuum
362 1459 396 1497 per
413 1448 556 1486 ordinationem
573 1448 696 1496 provincialis

28 1516 128 1554 recesserit
139 1527 174 1565 pro
186 1516 278 1554 electione
287 1516 356 1564 prioris
363 1516 482 1554 Oxoniensis
493 1521 512 1553 et
520 1516 693 1564 CantabrigiensiS,

27 1595 97 1622 vocem
110 1594 166 1621 suam
176 1589 250 1621 secreto
262 1584 366 1632 relinquat.

31 1673 33 1675 -
54 1653 101 1689 ltern
117 1652 222 1690 statuimus
245 1652 299 1700 quod
316 1653 365 1699 (Fol.
383 1652 431 1700 43b)
450 1653 516 1690 nullus
533 1653 596 1700 possit
614 1653 658 1701 eligi
676 1653 695 1690 in

27 1720 152 1758 diffinitorem
162 1720 239 1768 capituli
250 1720 345 1768 generalis
358 1720 421 1757 necin
434 1720 509 1758 socium
528 1720 597 1769 prioris
617 1721 696 1769 provin-

27 1788 80 1827 cialis
91 1788 136 1826 ituri
147 1788 172 1825 nd
186 1789 292 1837 capitulum
305 1789 394 1837 generale
409 1788 446 1826 nisi
458 1789 483 1827 sit
496 1789 595 1838 magister,
607 1790 696 1827 bachela-

28 1857 68 1895 rius
79 1857 109 1894 vel
118 1862 161 1894 actu
169 1857 194 1894 sit
203 1856 255 1905 prior
264 1858 294 1895 vel
302 1857 348 1895 alias
358 1857 409 1905 prior
420 1858 477 1895 fuerit
487 1863 520 1895 aut
531 1858 591 1895 lector
607 1858 626 1895 in
639 1859 694 1896 theo-

28 1925 130 1975 logia-actu
141 1925 172 1963 vel
182 1925 228 1963 alias
237 1925 301 1970 fuerit,
311 1930 330 1962 et
341 1937 386 1963 cum
396 1927 434 1963 hoc
446 1926 482 1963 nisi
494 1926 546 1963 XXX
555 1937 618 1964 annos
628 1927 696 1964 lrabeat

28 1994 47 2031 in
59 1998 122 2031 aetate.
133 1993 256 2031 ltemnullus
268 1994 325 2030 irater
342 1994 362 2031 in
377 1994 438 2031 aliena
454 1994 552 2041 provincia
567 1994 592 2031 de
608 2006 647 2043 qua
662 2006 696 2044 per

27 2062 139 2110 generalem
149 2062 179 2098 vel
191 2062 233 2109 ejus
242 2062 336 2099 vicarium
348 2062 405 2100 tuerit
418 2062 529 2111 assignatus
541 2063 610 2099 lrabeat
627 2074 695 2101 vocem

27 2130 46 2167 in
59 2129 185 2166 eletionibus
198 2130 356 2178 quibuscumque
366 2130 402 2167 nisi
421 2130 493 2168 missus
506 2126 563 2167 luerit
574 2131 599 2167 ad
616 2130 696 2179 aliquod

28 2210 46 2235 or
56 2198 114 2234 isium
127 2198 255 2234 exercendum
271 2198 331 2241 inea,
345 2198 374 2235 vel
387 2198 470 2235 habendi
482 2198 512 2234 vel
528 2200 587 2245 (non)
606 2198 630 2234 de
649 2210 697 2236 voce

28 2266 48 2303 in
64 2265 152 2314 ejusdem
165 2265 274 2302 obedientia
287 2265 375 2313 specialis
397 2265 471 2303 mentio
484 2260 587 2312 habeatur}
606 2266 696 2303 volentes

29 2335 78 2371 hanc
89 2333 250 2370 constitutionem
262 2332 339 2371 extendi
351 2333 376 2370 acl
387 2332 431 2371 illos
442 2333 476 2381 qui
488 2339 533 2382 post
544 2334 634 2381 generale
647 2335 698 2383 capi-

29 2402 94 2440 tulum
105 2399 239 2438 Nemausense
248 2402 272 2438 acl
282 2400 490 2449 diversas'provincias
499 2405 546 2439 sunt
557 2401 625 2440 amoti.
