1631 2703
300 85 318 111 Α.
332 85 352 112 n.
367 71 488 125 1264-1393.
694 85 732 125 199

60 161 102 194 tum
116 157 168 206 quod
181 163 260 207 tempus
272 159 350 207 capituli
363 159 398 197 tuit
413 159 548 197 abbreviatum
557 157 595 210 (r),
608 160 628 197 in
641 160 730 208 festoque

60 231 132 264 sanctae
140 227 205 264 Mariae
216 228 306 276 sequenti
319 232 448 266 convocatum

85 307 138 332 anno
156 295 235 333 Domini
258 298 313 345 1358,
333 297 366 334 ubi
386 296 406 333 in
423 297 454 334 die
470 296 578 335 Natiuitatis
596 296 674 334 Domini
693 297 729 334 iuit

59 365 133 401 electus
153 365 273 403 concorditer
288 364 307 403 in
329 365 413 414 priorem
432 366 542 414 generalem
560 367 617 403 frater
629 365 729 412 lohannes

59 432 150 470 Balistarli
165 432 295 471 Catnalaunus
314 432 435 471 bachalarius
449 439 468 472 et
485 433 594 472 licentiatus
615 434 729 482 parisiensis

60 501 83 539 de
95 501 194 550 provincia
205 501 323 540 Cathaloniae
332 507 351 540 et
360 507 457 540 conventu
469 502 603 551 Majoricarum
613 501 661 553 (Fol.
673 501 729 553 ro7a)

59 570 92 608 ubi
104 570 128 608 ad
140 570 252 609 instantiam
265 571 378 609 Vasconum
394 569 455 609 divisa
468 576 497 609 esr
509 570 613 619 Aquitania
625 571 644 608 in
657 571 729 609 Vasco-

60 639 112 676 niam
124 644 144 676 et
155 639 288 688 Aquitaniam.

86 707 144 745 Anno
159 707 236 746 Domini
257 705 305 757 1362
318 708 337 745 in
352 708 465 746 Pentecoste
480 707 599 745 celebratum
609 707 645 745 suit
656 708 730 756 capitu-

59 777 99 813 lum
112 777 201 824 generale
213 776 300 813 Treveris
315 776 334 813 in
344 775 442 825 provincia
452 775 633 824 Alemaniaepriore
642 776 728 824 generali

58 848 106 882 tunc
118 844 211 893 Magistro
223 845 242 882 in
257 850 323 882 sancta
331 844 499 893 Paginajohanne
514 844 612 896 balistario
627 844 729 889 existente,

60 918 78 950 et
89 913 125 951 fuit
136 913 242 961 capitulum
256 913 394 962 prolongatum
403 912 426 949 ad
437 917 520 961 quatuor
529 923 598 950 unitos.

85 981 142 1019 Anno
154 981 232 1020 Domini
246 979 294 1032 1966
306 982 325 1019 in
338 983 388 1019 sesto
400 981 523 1019 Pentecostes
534 982 588 1029 quod
603 981 646 1022 suit,
656 982 680 1018 28
698 982 729 1019 die

58 1051 101 1100 Maji
110 1051 146 1088 tuit
157 1051 264 1100 capitulum
273 1052 361 1099 generale
378 1050 495 1088 celebratum
508 1050 527 1087 in
543 1055 643 1087 conventu
654 1051 728 1088 Montis

59 1119 128 1158 Albani
140 1118 171 1171 (2)
180 1119 285 1169 provinciae
299 1119 410 1168 Aquitaniae
423 1119 516 1168 Magistro
531 1119 619 1166 Johanne
634 1119 729 1157 existente

59 1189 123 1238 priore
131 1189 222 1237 generali.

84 1257 142 1294 Anno
151 1257 228 1295 Domini
238 1256 287 1307 1369
295 1257 314 1294 in
324 1256 438 1295 Pentecoste
449 1257 484 1295 tuit
493 1256 612 1295 celebratum
622 1257 729 1306 capitulum

56 1326 145 1375 generale
162 1326 181 1363 in
193 1327 260 1363 Monte
274 1326 387 1370 Pessulano,
401 1330 420 1362 et
431 1326 457 1363 ibi
469 1327 549 1363 fuerunt
562 1326 612 1363 datae
628 1325 729 1374 aliquibus

58 1394 209 1443 provincialibus
217 1394 369 1432 constitutiones
380 1399 472 1432 correctae
481 1393 519 1444 (3),
532 1393 603 1432 limatae
612 1406 634 1431 ac
647 1394 728 1433 redactae

58 1463 78 1500 in
94 1474 156 1501 unum
168 1464 259 1501 volumen
274 1463 340 1501 debito
352 1463 412 1500 modo
424 1474 459 1511 per
470 1462 598 1501 reverendum
611 1462 727 1511 Magistrum

58 1533 77 1570 in
91 1533 158 1571 eodem
168 1533 252 1582 capitulo
263 1531 435 1583 (p)residentem.'
455 1542 464 1589 l:
723 1523 724 1526 '

84 1602 143 1640 Anno
155 1601 232 1640 Domini
250 1611 298 1650 1372
311 1602 330 1639 in
342 1592 458 1663 Pentecoste¹
470 1601 506 1639 luit
517 1600 635 1639 celebratum
651 1600 727 1649 capitu-

83 1717 112 1757 (ι)
121 1715 180 1749 Vatic.
190 1716 255 1748 habet:
265 1716 319 1749 Anno
328 1715 401 1749 Domini
415 1715 484 1759 1357111
498 1714 543 1747 sesto
555 1702 675 1748 “Pentecostes
688 1715 729 1748 Fer-

57 1774 108 1807 rariae
116 1774 135 1806 in
145 1773 236 1816 provincia
247 1773 342 1814 Bononiae,
355 1781 373 1806 et
382 1773 485 1806 ordinatum
496 1781 523 1805 est
532 1773 631 1815 capitulum
642 1774 725 1816 generale

56 1834 77 1865 ai
87 1840 165 1876 quatuor
175 1843 238 1872 annos,
253 1832 284 1864 sel
299 1832 341 1875 quia
351 1831 435 1875 Magister
444 1833 463 1865 Ρ,
478 1832 499 1864 R.
509 1832 574 1865 eodem
586 1842 663 1864 anno...
674 1832 727 1873 obiit,

57 1890 90 1924 luit
97 1899 167 1933 tempus
176 1890 249 1934 capituli
258 1890 383 1924 abbreviatum
391 1899 426 1924 etc.

79 1951 107 1992 (a)
117 1949 128 1982 i.
137 1960 152 1982 e.
163 1951 281 1983 Montauban.

77 2008 106 2050 (3)
117 2008 212 2051 Exemplar
222 2008 286 2040 hurum
295 2007 445 2041 constitutionum
455 2007 574 2041 extabatolim
582 2009 599 2040 in
607 2007 688 2039 archivio
696 2018 727 2050 ge-

58 2066 115 2099 nerali
123 2067 260 2099 Carmelitarum
273 2068 352 2110 antiquae
362 2067 480 2100 observantiae
488 2067 550 2099 Romae
561 2065 657 2108 ;inceniio
673 2065 729 2108 Burgi

57 2125 99 2158 novi
109 2125 220 2157 destructum
231 2133 262 2165 est,
275 2125 306 2157 sed
315 2125 392 2157 habetur
403 2124 462 2157 adhuc
479 2124 532 2156 hodie
542 2124 666 2167 apographum
681 2122 726 2164 ejus.

58 2182 144 2216 Similiter
158 2190 270 2215 correctores
285 2182 377 2215 Ordinalis
392 2182 441 2224 novi,
457 2193 505 2215 anno
517 2181 558 2214 1532
575 2189 593 2215 et
609 2180 727 2224 sequentibus

59 2240 148 2273 Bruxeilis
158 2240 255 2283 compositi
269 2248 286 2273 et
300 2251 349 2273 anno
362 2241 403 2287 154²
413 2240 493 2273 Veneriis
508 2239 598 2282 impressi,
619 2239 655 2271 tale
670 2249 729 2272 exem-

59 2299 97 2342 plar
107 2306 172 2340 praesto
181 2299 284 2339 habebant;
302 2298 343 2331 inde
357 2298 425 2330 factum
439 2305 466 2330 est
481 2297 530 2340 quod
545 2307 608 2329 omnes
626 2295 727 2330 decisiones

59 2356 179 2400 capitulorum
186 2356 233 2389 circa
244 2355 323 2389 officium
332 2356 353 2390 ad
362 2356 410 2389 hunc
421 2366 488 2389 annum
498 2354 599 2389 retulerint.
