1616 2703
84 80 122 129 298
344 84 492 115 aouorarrours

82 164 161 203 ecclesia
170 168 190 202 et
209 164 261 202 bona
272 167 291 201 et
309 164 359 202 mala
376 162 434 201 etiam
452 173 517 212 usque
528 162 553 200 ad
569 174 592 201 ea
609 173 654 212 quae
666 160 757 200 videntur

82 233 198 272 hominibus
215 233 303 277 minima,
320 237 365 271 ante
383 231 455 271 Christi
473 232 581 271 adventum
599 231 655 269 annis
667 230 720 269 mille
729 230 758 269 Si-

83 304 134 354 bylla
151 303 227 341 Heritea
240 302 377 352 praedixit?....
395 301 498 351 Prophetia
510 301 562 339 enim
580 301 612 339 illa
627 312 672 351 quae
688 305 757 339 sancto

83 373 148 411 Cirillo
160 384 194 422 per
206 373 299 422 angelum
312 372 375 410 delata
384 376 414 410 est
425 373 504 409 fratrem
513 372 592 409 Petrum
601 371 711 419 Johannem
723 381 758 408 vo-

82 447 113 480 cat
123 444 180 480 solem
193 447 274 491 propter
283 442 381 480 virtutum
393 441 521 479 clarissimam
533 445 552 479 et
562 445 677 490 perpetuam
693 439 758 477 incor-

84 512 231 562 ruptibilitatem
244 517 263 550 et
273 512 354 561 'propter
366 510 547 560 splendidissimam
558 510 658 559 sapientiae
669 515 688 547 et
697 509 759 547 scien-

84 582 116 620 tiae
127 582 164 620 sibi
183 582 278 620 divinitus
296 581 367 619 intusae
380 580 557 618 multiformitatem
568 585 587 617 et
598 584 678 629 propter
689 579 758 616 arden-

83 651 166 689 tissimae
183 655 202 689 et
221 650 359 689 christiformis
371 649 469 688 charitatis
478 649 498 687 in
507 650 570 688 Deum
581 654 600 687 et
608 649 631 686 ad
643 648 757 698 proximum

85 720 207 758 veritatem»
217 720 252 757 &n

110 789 202 828 Similiter
222 789 311 838 Angelus
323 788 347 826 de
362 788 447 834 clarino,
463 788 509 827 Cola
527 787 602 829 Rienzi.
616 787 716 835 lohannes
733 786 758 824 de

82 859 200 907 Rupescissa
210 858 364 907 interpretantur
376 859 478 896 oraculum
491 858 515 895 de
527 857 665 906 persecutione
679 857 699 894 in
714 868 757 893 eam

83 933 156 966 sectam
168 928 257 966 Fratrum
277 927 376 965 Minorum
389 927 422 976 qui
440 939 483 965 sese
498 927 612 976 Spirituales
630 926 756 973 vocitabant;

83 997 240 1035 Bartholomaeus
254 1002 321 1035 autem
337 997 361 1035 de
373 997 414 1034 Pisa
426 997 451 1034 de
464 996 538 1035 Ordine
550 996 651 1034 Minorum
666 996 686 1033 in
698 1006 758 1045 gene-

83 1064 156 1118 rali(1)
166 1071 185 1104 et
193 1067 292 1105 Robertus
301 1066 325 1103 de
337 1066 388 1104 licio
398 1066 422 1103 de
431 1067 451 1104 S.
464 1066 567 1104 Francisco
577 1064 585 1117 (
599 1064 614 1117 ).

110 1138 223 1184 Antequam
237 1137 293 1184 plura
305 1136 329 1173 de
343 1135 409 1185 Cyrilli
426 1137 506 1173 oraculo
518 1135 582 1173 dicam
596 1134 680 1183 exempli
696 1134 758 1183 gratia

82 1205 141 1243 breve
150 1204 193 1243 heic
201 1203 282 1256 (nempe
294 1203 381 1256 nonum)
393 1205 501 1254 capitulum
513 1204 599 1242 inseram
611 1208 633 1242 ut
656 1205 717 1245 lector
729 1203 759 1241 di-

104 1384 132 1427 (ι)
145 1383 191 1417 ibid.
204 1385 223 1417 P.
235 1384 274 1418 330.

103 1443 131 1485 (a)
144 1455 152 1473 n
163 1443 207 1475 Duae
222 1443 288 1476 tabule
302 1443 327 1485 [S.
342 1443 411 1486 Cyrillo
427 1454 458 1486 per
473 1444 558 1486 angelum
571 1443 641 1487 delatee]
656 1443 675 1476 in
690 1443 757 1487 quibus

83 1502 139 1534 multa
152 1510 229 1535 venturu
247 1503 389 1535 continebantur
406 1503 428 1535 de
445 1503 498 1536 beato
515 1502 619 1541 FranciscO,
633 1510 687 1546 prout
703 1501 757 1545 refert

82 1559 168 1592 dominus
179 1561 270 1593 Robertus
281 1561 303 1593 de
314 1560 364 1593 Licio
381 1561 399 1593 in
411 1561 492 1594 secundo
502 1572 586 1594 sermone
598 1561 620 1594 de
636 1562 700 1594 eodem
715 1572 757 1594 san-

83 1626 113 1650 cto
126 1631 140 1651 u.
155 1620 194 1652 ursi
211 1620 280 1663 Harley
299 1619 387 1662 1819,fol.
399 1620 429 1653 133
443 1621 460 1652 b.
474 1620 502 1654 Cf.
513 1621 610 1653 Sermones
623 1620 645 1653 de
665 1620 757 1653 Laudibus

82 1677 191 1710 Sanctorum
204 1677 293 1722 [Veneriis
307 1678 373 1720 1485?],
384 1689 444 1711 sermo
453 1678 503 1711 XLV
513 1679 535 1711 de
547 1678 607 1712 tribus
617 1678 729 1712 excellentiis
739 1680 757 1712 S.

83 1736 182 1776 Francisci,
191 1736 209 1768 in
215 1736 273 1779 prima
280 1737 387 1779 probatione
399 1737 463 1779 primae
470 1737 590 1779 excellentiae,
602 1737 634 1770 ubi
642 1738 695 1771 etiam
702 1737 758 1770 multa

82 1807 91 1829 e
104 1794 191 1838 praedicta
204 1794 272 1838 Sibylla
282 1804 300 1828 et
316 1796 410 1828 exabbate
422 1796 504 1828 Joachim
517 1804 617 1829 mutuatur.
631 1796 683 1829 Circa
689 1807 756 1829 annum

83 1863 127 1897 1490
137 1853 229 1886 lohannes
237 1853 320 1897 Erghom'
327 1853 397 1886 ordinis
404 1854 520 1887 eremitarum
529 1855 547 1888 S.
554 1854 651 1898 Augustini
657 1855 757 1888 Oraculum

83 1912 212 1955 interpretatus
219 1912 268 1944 estin
275 1923 328 1955 opere
336 1912 477 1956 Compilationes
486 1913 660 1957 Vaticiuiorrnn,quo
667 1925 710 1947 vero
718 1924 758 1947 sen-

83 1982 103 2003 su
111 1970 156 2003 mihi
164 1970 299 2013 incompertum
306 1977 339 2003 est.
348 1971 454 2003 Secundum
466 1972 544 2014 glossam
557 1972 675 2016 marginalem
685 1974 716 2007 MS
722 1974 757 2006 Va-

82 2029 166 2072 tic.3819
176 2028 249 2072 quidam
260 2042 267 2059 a
279 2030 340 2062 Frater
355 2029 447 2062 Gilbertus
465 2029 553 2073 Anglicus
569 2041 645 2074 magnus
661 2031 691 2065 ille
704 2032 757 2065 theo-

83 2089 134 2131 logus
150 2100 157 2118 ιι
175 2088 275 2121 Oraculum
285 2087 360 2121 fortuito
381 2088 400 2121 in
418 2088 531 2122 bibliotheca
547 2089 665 2123 Cluniacensi
686 2091 757 2125 invenit

82 2158 103 2179 ac
122 2146 187 2179 deinde
206 2146 274 2189 publici
294 2146 339 2190 juris
354 2146 401 2180 fecit.
420 2148 465 2190 Quis
482 2159 525 2181 vero
546 2148 576 2181 ille
594 2149 687 2182 Gilbertus
702 2149 757 2184 fuerit

82 2204 172 2239 incertum
180 2213 211 2238 est.
222 2205 294 2238 Saeculo
305 2216 370 2248 nempe
380 2205 423 2239 Xlll
433 2206 494 2239 nullus
505 2207 598 2240 Gilbertus
608 2207 710 2251 theologus,
719 2209 756 2242 sive

82 2274 158 2305 magnus
167 2263 204 2296 sire
217 2264 352 2306 non,cognitus
365 2272 398 2307 est,
406 2265 455 2297 unde
467 2266 486 2298 P.
497 2265 553 2298 Ehrle
564 2273 611 2298 recte
621 2266 715 2300 concludit
721 2267 756 2301 hoc

82 2332 150 2355 nomen
159 2332 196 2355 nori
209 2322 269 2356 minus
278 2322 404 2366 legendarium
417 2333 454 2356 esse
465 2334 519 2367 quam
526 2331 585 2357 totum
593 2324 700 2359 Oraculum.
709 2327 730 2360 L.
741 2337 756 2360 c.

83 2381 154 2424 1³.329.
