1616 2703
311 80 465 119 honorarrours'

261 196 289 233 De
298 196 390 235 Onacuio
402 197 506 236 Auoanco.

74 313 147 351 Prodiit
156 312 206 350 circa
218 323 293 350 annum
310 316 358 361 1287
368 314 416 351 liber
425 313 455 351 cui
476 313 546 351 titulus
566 312 671 351 Graculum
683 310 723 352 >errr-

45 382 126 431 geticum
138 380 169 432 (r)
177 382 201 419 de
213 394 254 431 quo
261 382 329 430 'primo
339 393 406 420 sermo
415 383 437 420 tit
446 382 466 420 in
479 383 543 420 libello
556 382 636 420 Arnaldi
649 383 673 420 de
682 383 699 421 V
701 383 724 421 il-

48 452 124 495 lanova,
139 450 209 488 medici
219 451 361 496 Catalonensis
372 450 440 490 contra
449 450 616 490 Bartliolomaeum
628 452 653 489 de
662 452 723 490 Podio

48 521 131 559 Certoso
145 522 224 558 fratrem
236 521 384 560 praedicatorem
404 525 449 559 ante
461 532 537 559 annum
561 532 609 572 1299
630 521 723 570 episcopo

49 589 173 628 Gerundensi
183 594 279 638 porrecto,
293 591 325 628 ubi
336 592 438 638 sequentia
451 590 560 628 habentur:
574 602 585 627 <r
595 589 668 628 Ultimo
677 601 724 628 vero

49 669 82 708 per
91 659 171 697 beatum
186 659 280 709 Cyrillum
287 661 347 706 'eujus
362 659 453 698 revelatio
463 659 537 698 cunctis
546 659 649 708 Scripturis
661 659 724 697 Sacris

50 733 79 767 est
85 727 292 777 pretiosior,quoniarn
299 730 391 778 scriptam
398 730 422 766 de
429 729 479 767 coelo
485 728 550 767 attulit
557 729 572 766 ei
580 729 668 778 angelus.
677 741 688 765 u
694 726 725 778 (2)

76 798 103 835 lbi
123 798 175 835 enim
196 798 260 847 agitur
281 798 304 835 de
329 798 400 847 praevia
417 797 568 836 annuntiatione
581 798 724 847 persecutionis

50 867 111 906 servis
124 867 165 906 suis
174 867 344 915 superveniendae,
358 879 418 916 quam
425 867 515 906 Christus
524 867 594 905 dicitur
604 867 672 905 secisse
681 872 724 905 tum

72 1026 192 1068 (1)Divinrrrn
200 1026 292 1059 oracutum
298 1027 318 1059 S.
326 1025 400 1068 Cyrillo
413 1026 517 1060 Carmelitae
529 1025 725 1069 Constantinopolitano

50 1084 126 1118 solemni
132 1084 295 1130 legationerlngeli
302 1084 382 1118 missum.
395 1084 429 1117 Cui
438 1083 544 1127 adiungitur
553 1083 693 1116 commentarius
703 1084 724 1116 R.

52 1144 72 1175 P.
83 1142 161 1185 Philippi
173 1154 183 1175 a
196 1143 224 1175 Ss.
232 1142 322 1176 Trinitate
332 1143 435 1176 Carmelitae
443 1142 557 1176 Discalceati.
568 1142 659 1185 Lugduni,
678 1152 726 1175 sum·

51 1200 112 1245 pribus
121 1200 250 1243 Christophori
263 1202 276 1234 F
278 1212 347 1245 ovrmy2
356 1202 406 1235 1663.
416 1203 485 1234 Auctor
494 1201 553 1244 operis
561 1201 643 1235 Histoire
651 1201 672 1234 de
679 1200 726 1234 l'Or-

51 1261 83 1293 dre
92 1260 122 1302 (P.
132 1260 159 1298 30,
170 1270 188 1292 n.
199 1262 217 1303 z)
227 1267 278 1293 notat
288 1260 389 1292 versionem
400 1260 477 1292 italicam
484 1259 566 1293 Veneriis
576 1261 618 1303 1589
628 1261 726 1302 operahn·

52 1318 103 1351 selnri
116 1318 195 1361 episcopi
203 1319 274 1367 editam
287 1319 341 1352 fuisse
350 1327 405 1362 atque
420 1319 474 1352 etiam
484 1319 537 1352 aliam
549 1330 597 1351 anno
613 1319 667 1360 16463
680 1328 725 1350 neu-

52 1384 98 1410 tram
107 1377 149 1410 vidi.
164 1377 258 1420 Philippus
270 1379 318 1412 ass.
326 1377 416 1411 Trinitate
428 1386 507 1420 quatuor
517 1378 639 1421 manuscripta
648 1388 680 1420 pro
690 1376 726 1409 edi·

52 1436 101 1468 tione
111 1446 142 1468 sua
152 1435 242 1476 adhibuit,
261 1435 346 1478 primum,
357 1436 439 1468 omnium
449 1435 596 1479 antiquissimum
606 1435 658 1478 cujus
673 1434 726 1478 origi-

53 1504 94 1526 nem
104 1505 140 1527 non
150 1494 214 1536 aperit,
220 1491 316 1527 'alternare
326 1494 436 1528 bibliotheca
445 1496 522 1528 abbatiae
532 1495 550 1528 S.
558 1494 637 1528 Victoris
644 1494 725 1532 Parisiis,
738 1479 743 1489 ¹

53 1560 69 1586 et
79 1554 115 1585 duo
125 1564 134 1586 e
144 1552 254 1586 bibliotheca
264 1554 359 1587 Vaticana.
373 1554 399 1586 Cl.
415 1555 434 1587 Ρ,
450 1554 557 1587 Franciscus
569 1554 625 1587 Ehrle
638 1554 656 1586 S.
668 1554 684 1586 J.
693 1552 725 1595 (ci.

53 1619 115 1645 notam
125 1611 207 1654 proxime
216 1616 328 1656 sequenteml
339 1620 417 1655 quatuor
424 1613 548 1657 manuscripta
566 1613 646 1657 ejusdem
655 1612 726 1645 Vatica-

54 1681 82 1704 nae
91 1670 207 1704 bibliothecae
217 1671 389 1715 laudavinEgomet
396 1671 456 1704 adhuc
463 1671 512 1704 alind
522 1672 540 1704 in
550 1671 662 1704 bibliotheca
669 1680 727 1714 quon-

53 1732 94 1763 dam
103 1729 173 1762 domini
184 1730 252 1773 Philips
264 1731 312 1773 apud
322 1730 441 1763 Cheltenharn
454 1730 472 1762 in
481 1730 547 1774 Angiia
559 1730 620 1763 inveni
631 1731 660 1772 (N.
669 1730 726 1773 lupi,

54 1790 72 1823 S.
82 1788 125 1821 XIV
134 1797 232 1827 exaratum,
245 1799 266 1821 ac
275 1798 296 1821 ex
303 1789 364 1832 aliquo
373 1797 464 1822 conventu
474 1788 551 1822 fratrum
561 1789 653 1822 timorum
663 1788 682 1821 in
689 1790 726 1821 An-

52 1847 88 1891 glia
100 1847 205 1880 oriundum.
377 1837 379 1839 V

76 1908 98 1948 {21
115 1905 171 1939 Arch.
189 1906 203 1949 s.
224 1907 343 1939 Μιναίαν-ἃ
366 1906 548 1952 Kirclrengeschiclrte
568 1906 726 1945 deshlittelalters,

19 1968 21 1971 '
55 1965 117 1998 Berlin
135 1965 184 2004 1886,
200 1966 223 2004 ΙΙ,
237 1965 270 2008 327
282 1975 326 2008 sqq:
342 1965 400 1998 Ueber
412 1965 488 2009 Cyrill's
498 1966 596 1999 Oruculurn
610 1966 726 2011 Angelicumy

54 2031 128 2058 auctore
140 2024 161 2057 cl.
174 2024 194 2057 P.
210 2023 305 2056 Francisco
317 2024 379 2064 Ehrle,
387 2024 405 2057 S.
414 2024 429 2057 J.
438 2024 622 2078 sub-bibliothecario
635 2024 653 2057 S.
662 2025 728 2057 Roma-

54 2094 82 2116 nae
89 2082 180 2116 Ecclesiae.
190 2102 210 2107 —
219 2084 228 2116 J
231 2082 279 2116 .-i³h.
287 2082 448 2129 BegneAExe'geoe
456 2089 473 2115 et
480 2083 585 2129 Astrologie
592 2084 703 2125 (Extraitde
710 2083 728 2115 lu

53 2143 114 2177 Rerue
123 2143 153 2176 des
165 2142 247 2176 S'cierrces
259 2142 406 2185 eeclesiastiqrres]
423 2142 475 2184 Lilley
491 2143 542 2186 1906.
553 2143 575 2176 Ο.
589 2142 728 2186 Holder-Egger

53 2201 166 2237 Italienisclre
175 2201 294 2245 Propltetieen
303 2202 333 2235 des
347 2200 378 2234 13.
388 2201 519 2235 Jahrhunderrs
529 2200 548 2234 in
560 2201 677 2245 ephemeride
684 2212 726 2245 ger·
781 2228 783 2231 .

4 2269 6 2271 ·
54 2260 125 2293 manica
134 2260 193 2294 Neues
201 2260 269 2293 Archiv
276 2260 293 2293 d.
304 2260 423 2306 Gesellselrcrjt
427 2260 445 2305 s.
456 2260 523 2294 aeltere
530 2261 611 2293 deutsche
619 2260 728 2294 Gesclziclits·

53 2320 111 2353 atinde
124 2318 224 2363 [Societatis
234 2318 325 2352 editorum
340 2319 501 2352 hionumentorum
514 2320 628 2363 Germaniaeiy
647 2319 686 2361 XV,
697 2329 727 2361 141

55 2390 94 2422 sqq.
106 2380 219 2421 (Hannover,
233 2379 288 2421 188ql.
