1631 2703
99 91 137 131 234
341 91 406 121 GROSSl
423 91 535 121 CATALOGUS

99 165 144 217 58a)
152 167 357 217 hierosolymitanum,
374 167 395 205 et'
405 167 433 206 sic
445 167 504 206 simul
514 172 533 206 et
544 168 605 206 semel
623 167 717 218 dignitate
735 166 775 216 epi-

96 237 168 285 scopali
181 241 200 275 et
212 237 333 287 patriarchali
345 242 427 276 ornatus
438 237 517 284 iubente
524 237 611 276 Domino
623 237 697 276 insede
706 236 775 275 Vasio-

97 305 154 345 nensi
170 307 257 356 glorioso
270 307 309 345 nne
328 307 410 356 quievit,
430 312 449 345 et
465 307 491 345 ibi
511 308 594 346 honeste
610 308 721 346 tumulatus
738 306 775 344 luit

96 387 149 414 anno
161 376 241 415 Domini
257 378 313 426 1348,
325 382 453 426 permanente
465 378 508 426 ejus
520 378 624 426 sepulchro
637 375 775 426 patriarcaliter

97 445 116 483 in
130 446 211 484 sinistro
224 448 285 485 choro
298 446 378 497 majoris
390 446 482 486 ecclesiae.

124 516 212 555 Octavus
226 516 261 555 luit
274 516 367 566 magister
379 518 437 555 irater
445 517 512 555 Petrus
522 517 653 567 Raymundus
666 517 690 555 de
701 516 772 561 Insula,
806 530 808 532 ·

97 586 203 634 provinciae
214 586 320 631 Narbonae,
334 586 403 624 doctor
414 586 534 632 ParisiensiS,
548 586 626 625 scientia
638 591 657 624 et
670 586 775 636 prudentia

96 656 185 694 fulcitus.
203 655 299 693 Ordinem
316 657 365 694 rexit
382 655 417 694 XV
434 655 491 694 annis
506 668 551 694 cum
571 656 653 694 dimidio
669 656 775 705 prudenter

97 726 192 763 multum.
211 725 255 763 Erat
273 725 326 763 enim
344 725 364 763 in
381 725 464 764 consilio
479 725 642 775 circumspectus,
661 725 681 774 in
699 725 774 776 judicio

98 799 211 844 promptus,
230 799 249 832 et
263 794 283 832 in
297 795 382 845 negotiis
400 795 481 833 Ordinis
498 796 555 833 valde
572 795 671 845 diligens;
689 794 774 845 plurima

98 864 199 913 privilegia
211 864 236 901 ab
247 865 354 913 apostolica
366 864 414 902 Sede
427 864 545 914 impetravit,
557 865 665 914 specialiter
673 865 698 903 ad
710 865 774 903 hono·

98 944 139 971 rem
149 938 168 971 et
180 933 272 971 decorem
284 934 343 972 studii
355 933 476 978 Parisiensis,
489 945 586 984 expensas
599 934 709 983 superfluas
721 946 774 973 sem-

98 1014 132 1051 per
146 1003 225 1048 vitabat,
239 1003 307 1052 paucis
322 1003 364 1053 ipse
378 1007 491 1051 contentus,
508 1015 554 1041 cum
571 1014 650 1042 summa
671 1003 773 1053 diligentia

59 1086 61 1088 ¹
99 1063 158 1111 suum
172 1072 259 1110 officium
275 1073 384 1117 exercebat,
398 1074 477 1122 negotia
495 1074 575 1111 iratrum
591 1073 705 1111 immediate
716 1084 774 1122 expe-

99 1141 171 1186 diebat,
181 1141 261 1179 humilis
273 1142 332 1180 etiam
345 1142 439 1183 omnibus
450 1143 541 1181 iratribus
551 1143 659 1192 majoribus
668 1148 687 1180 et
699 1142 773 1181 infimis

96 1212 153 1261 juxta
166 1210 243 1260 negotia
261 1211 303 1249 sine
317 1211 395 1250 deiectu
407 1212 532 1257 rescribebat,
546 1217 565 1250 et
576 1212 672 1250 Ordinem
690 1211 718 1250 sic
735 1212 774 1250 vir-

97 1286 156 1319 tuose
175 1281 261 1329 regendo
273 1282 292 1318 in
312 1282 487 1329 Montepessulano
502 1282 628 1330 congregatis
639 1282 730 1320 iratribus
753 1281 772 1318 in

97 1364 169 1398 unum,
187 1352 273 1390 Domino
288 1352 332 1399 JllU
352 1353 402 1391 XPO
418 1352 501 1390 reddidit
519 1352 610 1401 spiritum
627 1352 689 1401 pridie
705 1352 773 1390 Nonas

97 1422 184 1470 Augusti
198 1433 250 1459 anno
262 1421 341 1459 Domini
356 1432 413 1473 1357.

51 1507 58 1518 ·
124 1490 194 1528 Nonus
213 1490 249 1528 iuit
261 1491 355 1540 magister
368 1492 425 1528 irater
438 1491 537 1537 lohannes
549 1489 648 1533 Balisterii,
668 1489 774 1539 provinciae

99 1559 228 1606 cathaloniae,
248 1565 358 1598 conventus
369 1559 512 1608 Majoricarum,
531 1560 599 1597 doctor
615 1559 707 1608 egregius
723 1559 774 1610 Pari-

99 1628 177 1673 siensis,
198 1629 285 1667 doctrina
297 1634 316 1666 et
335 1628 430 1677 sapientia
445 1630 524 1677 plenus,
542 1628 637 1665 Ordinem
657 1639 701 1665 cum
722 1629 773 1665 fama

98 1698 169 1735 celebri
182 1697 307 1747 gubernavit,
322 1702 340 1735 et
353 1698 415 1735 multa
426 1696 495 1735 Ordini
505 1696 624 1746 impetravit.

272 1971 390 2022 Catalogus
409 1972 514 2006 Johannis
528 1971 603 2005 Groesi

124 2097 215 2143 Alterum
229 2097 339 2146 catalogum
358 2096 474 2146 conscripsit
488 2096 587 2144 lohannes
604 2096 679 2142 Grossi,
693 2108 717 2134 ex
729 2107 774 2145 pro-

98 2165 161 2203 vincia
169 2165 276 2211 Tolosana,
287 2171 399 2204 conventus
410 2165 553 2215 Appamiarum
564 2166 664 2210 alumnus,
677 2166 710 2215 qui
720 2177 773 2204 anno

102 2237 151 2286 1389
163 2235 182 2273 in
193 2236 307 2285 generalem
320 2235 370 2274 illius
383 2236 442 2285 partis
451 2235 531 2273 Ordinis
542 2236 616 2274 electus
630 2235 667 2274 luit
676 2246 721 2285 quae
732 2234 774 2274 Cle-

99 2304 160 2342 menti
172 2305 202 2343 Vll
211 2304 330 2343 adhaerebat.
340 2305 360 2343 ln
373 2305 458 2354 capitulo
470 2305 565 2343 Bononiae
576 2316 628 2343 anno
640 2315 687 2352 1411
705 2305 729 2342 ad
741 2316 774 2343 ex-

98 2373 232 2423 tinguendum
243 2373 330 2415 schisma
344 2374 363 2413 in
376 2374 450 2414 Ordine
459 2378 576 2421 convocato,
590 2374 655 2414 officio
664 2373 730 2420 cessit,
739 2374 773 2414 sed
