<?xml version="1.0" encoding="UTF-8"?>
<!DOCTYPE html PUBLIC "-//W3C//DTD XHTML 1.0 Transitional//EN"
    "http://www.w3.org/TR/xhtml1/DTD/xhtml1-transitional.dtd">
<html xmlns="http://www.w3.org/1999/xhtml" xml:lang="en" lang="en">
 <head>
  <title>
</title>
<meta http-equiv="Content-Type" content="text/html;charset=utf-8" />
  <meta name='ocr-system' content='tesseract 3.04.00' />
  <meta name='ocr-capabilities' content='ocr_page ocr_carea ocr_par ocr_line ocrx_word'/>
</head>
<body>
  <div class='ocr_page' id='page_1' title='image "MN5087ucmf_2_0162.png"; bbox 0 0 1631 2703; ppageno 0'>
   <div class='ocr_carea' id='block_1_1' title="bbox 88 100 529 148">
    <p class='ocr_par' dir='ltr' id='par_1_1' title="bbox 88 100 529 148">
     <span class='ocr_line' id='line_1_1' title="bbox 88 100 529 148; baseline 0.011 -10"><span class='ocrx_word' id='word_1_1' title='bbox 88 100 123 148; x_wconf 75' lang='lat'>146</span> <span class='ocrx_word' id='word_1_2' title='bbox 320 133 321 136; x_wconf 18' lang='grc' dir='ltr'>η</span> <span class='ocrx_word' id='word_1_3' title='bbox 354 114 403 142; x_wconf 77' lang='lat' dir='ltr'>acra</span> <span class='ocrx_word' id='word_1_4' title='bbox 417 114 477 142; x_wconf 73' lang='lat' dir='ltr'>creir.</span> <span class='ocrx_word' id='word_1_5' title='bbox 516 114 529 119; x_wconf 87' lang='lat'>··</span> 
     </span>
    </p>
   </div>
   <div class='ocr_carea' id='block_1_2' title="bbox 83 184 748 226">
    <p class='ocr_par' dir='ltr' id='par_1_2' title="bbox 83 184 748 226">
     <span class='ocr_line' id='line_1_2' title="bbox 83 184 748 226; baseline -0.002 -3"><span class='ocrx_word' id='word_1_6' title='bbox 83 184 143 224; x_wconf 85' lang='lat' dir='ltr'>tionis</span> <span class='ocrx_word' id='word_1_7' title='bbox 160 186 185 223; x_wconf 67' lang='lat' dir='ltr'>‘ab</span> <span class='ocrx_word' id='word_1_8' title='bbox 202 187 271 224; x_wconf 81' lang='lat' dir='ltr'>officiis</span> <span class='ocrx_word' id='word_1_9' title='bbox 284 188 305 225; x_wconf 89' lang='lat' dir='ltr'>in</span> <span class='ocrx_word' id='word_1_10' title='bbox 318 199 386 225; x_wconf 89' lang='lat' dir='ltr'>eorum</span> <span class='ocrx_word' id='word_1_11' title='bbox 403 187 533 226; x_wconf 90' lang='lat' dir='ltr'>conventibus</span> <span class='ocrx_word' id='word_1_12' title='bbox 552 187 641 225; x_wconf 88' lang='lat' dir='ltr'>divinum</span> <span class='ocrx_word' id='word_1_13' title='bbox 661 185 748 224; x_wconf 70' lang='lat' dir='ltr'>offisiu&#39;m</span> 
     </span>
    </p>
   </div>
   <div class='ocr_carea' id='block_1_3' title="bbox 82 254 752 713">
    <p class='ocr_par' dir='ltr' id='par_1_3' title="bbox 82 254 752 713">
     <span class='ocr_line' id='line_1_3' title="bbox 84 254 750 305; baseline 0.002 -15"><span class='ocrx_word' id='word_1_14' title='bbox 84 254 187 298; x_wconf 86' lang='lat' dir='ltr'>tractatirn,</span> <span class='ocrx_word' id='word_1_15' title='bbox 199 255 286 303; x_wconf 86' lang='lat' dir='ltr'>spaciose</span> <span class='ocrx_word' id='word_1_16' title='bbox 295 260 314 293; x_wconf 90' lang='lat' dir='ltr'>et</span> <span class='ocrx_word' id='word_1_17' title='bbox 323 256 393 294; x_wconf 85' lang='lat' dir='ltr'>devote</span> <span class='ocrx_word' id='word_1_18' title='bbox 405 256 474 295; x_wconf 80' lang='lat' dir='ltr'>iaciant</span> <span class='ocrx_word' id='word_1_19' title='bbox 482 256 572 294; x_wconf 91' lang='lat' dir='ltr'>celebrari</span> <span class='ocrx_word' id='word_1_20' title='bbox 582 261 600 293; x_wconf 90' lang='lat' dir='ltr'>et</span> <span class='ocrx_word' id='word_1_21' title='bbox 613 256 666 305; x_wconf 86' lang='lat' dir='ltr'>quod</span> <span class='ocrx_word' id='word_1_22' title='bbox 681 266 750 292; x_wconf 89' lang='lat' dir='ltr'>omnes</span> 
     </span>
     <span class='ocr_line' id='line_1_4' title="bbox 85 321 751 374; baseline 0.002 -15"><span class='ocrx_word' id='word_1_23' title='bbox 85 321 180 360; x_wconf 76' lang='lat' dir='ltr'>dictiones</span> <span class='ocrx_word' id='word_1_24' title='bbox 191 329 210 361; x_wconf 89' lang='lat' dir='ltr'>et</span> <span class='ocrx_word' id='word_1_25' title='bbox 222 324 294 361; x_wconf 79' lang='lat' dir='ltr'>sillabae</span> <span class='ocrx_word' id='word_1_26' title='bbox 312 325 408 362; x_wconf 83' lang='lat' dir='ltr'>cantando</span> <span class='ocrx_word' id='word_1_27' title='bbox 421 329 440 362; x_wconf 87' lang='lat' dir='ltr'>et</span> <span class='ocrx_word' id='word_1_28' title='bbox 449 325 532 374; x_wconf 76' lang='lat' dir='ltr'>legendo</span> <span class='ocrx_word' id='word_1_29' title='bbox 547 325 702 373; x_wconf 85' lang='lat' dir='ltr'>pronunciantur</span> <span class='ocrx_word' id='word_1_30' title='bbox 719 334 751 360; x_wconf 89' lang='lat' dir='ltr'>ex-</span> 
     </span>
     <span class='ocr_line' id='line_1_5' title="bbox 83 392 752 447; baseline 0 -19"><span class='ocrx_word' id='word_1_31' title='bbox 83 402 156 439; x_wconf 84' lang='lat' dir='ltr'>presse,</span> <span class='ocrx_word' id='word_1_32' title='bbox 170 396 189 428; x_wconf 86' lang='lat' dir='ltr'>et</span> <span class='ocrx_word' id='word_1_33' title='bbox 201 392 254 440; x_wconf 84' lang='lat' dir='ltr'>quod</span> <span class='ocrx_word' id='word_1_34' title='bbox 267 403 335 430; x_wconf 89' lang='lat' dir='ltr'>versus</span> <span class='ocrx_word' id='word_1_35' title='bbox 344 393 368 430; x_wconf 89' lang='lat' dir='ltr'>ab</span> <span class='ocrx_word' id='word_1_36' title='bbox 379 404 417 431; x_wconf 82' lang='lat' dir='ltr'>unu</span> <span class='ocrx_word' id='word_1_37' title='bbox 428 398 482 447; x_wconf 87' lang='lat' dir='ltr'>parte</span> <span class='ocrx_word' id='word_1_38' title='bbox 491 393 544 430; x_wconf 80' lang='lat' dir='ltr'>chori</span> <span class='ocrx_word' id='word_1_39' title='bbox 555 403 594 430; x_wconf 95' lang='lat' dir='ltr'>non</span> <span class='ocrx_word' id='word_1_40' title='bbox 602 392 705 440; x_wconf 77' lang='lat' dir='ltr'>incipiatur</span> <span class='ocrx_word' id='word_1_41' title='bbox 719 402 752 429; x_wconf 93' lang='lat' dir='ltr'>us·</span> 
     </span>
     <span class='ocr_line' id='line_1_6' title="bbox 82 460 751 509; baseline -0.001 -12"><span class='ocrx_word' id='word_1_42' title='bbox 82 471 121 507; x_wconf 85' lang='lat' dir='ltr'>que</span> <span class='ocrx_word' id='word_1_43' title='bbox 130 471 154 496; x_wconf 90' lang='lat' dir='ltr'>ex</span> <span class='ocrx_word' id='word_1_44' title='bbox 163 460 198 497; x_wconf 87' lang='lat' dir='ltr'>aha</span> <span class='ocrx_word' id='word_1_45' title='bbox 211 465 264 508; x_wconf 82' lang='lat' dir='ltr'>parte</span> <span class='ocrx_word' id='word_1_46' title='bbox 276 461 392 498; x_wconf 71' lang='lat' dir='ltr'>terminetur</span> <span class='ocrx_word' id='word_1_47' title='bbox 400 472 498 509; x_wconf 77' lang='lat' dir='ltr'>expresse.</span> <span class='ocrx_word' id='word_1_48' title='bbox 511 462 557 498; x_wconf 91' lang='lat' dir='ltr'>item</span> <span class='ocrx_word' id='word_1_49' title='bbox 570 461 588 498; x_wconf 90' lang='lat' dir='ltr'>in</span> <span class='ocrx_word' id='word_1_50' title='bbox 598 461 665 498; x_wconf 86' lang='lat' dir='ltr'>eadem</span> <span class='ocrx_word' id='word_1_51' title='bbox 676 460 751 497; x_wconf 82' lang='lat' dir='ltr'>rubrica</span> 
     </span>
     <span class='ocr_line' id='line_1_7' title="bbox 83 528 749 577; baseline 0 -13"><span class='ocrx_word' id='word_1_52' title='bbox 83 528 177 565; x_wconf 84' lang='lat' dir='ltr'>addatur:</span> <span class='ocrx_word' id='word_1_53' title='bbox 197 528 391 577; x_wconf 72' lang='lat' dir='ltr'>Ordinamus&#39;ouod</span> <span class='ocrx_word' id='word_1_54' title='bbox 411 530 468 566; x_wconf 86' lang='lat' dir='ltr'>frater</span> <span class='ocrx_word' id='word_1_55' title='bbox 484 529 517 577; x_wconf 84' lang='lat' dir='ltr'>q&#39;ui</span> <span class='ocrx_word' id='word_1_56' title='bbox 533 534 638 577; x_wconf 87' lang='lat' dir='ltr'>postquam</span> <span class='ocrx_word' id='word_1_57' title='bbox 661 528 749 565; x_wconf 83' lang='lat' dir='ltr'>ordinem</span> 
     </span>
     <span class='ocr_line' id='line_1_8' title="bbox 83 597 751 645; baseline 0.001 -12"><span class='ocrx_word' id='word_1_58' title='bbox 83 597 198 645; x_wconf 83' lang='lat' dir='ltr'>susceperit,</span> <span class='ocrx_word' id='word_1_59' title='bbox 211 598 343 634; x_wconf 75' lang='lat' dir='ltr'>coniuranher</span> <span class='ocrx_word' id='word_1_60' title='bbox 355 597 443 636; x_wconf 87' lang='lat' dir='ltr'>divinum</span> <span class='ocrx_word' id='word_1_61' title='bbox 455 597 543 635; x_wconf 83' lang='lat' dir='ltr'>officium</span> <span class='ocrx_word' id='word_1_62' title='bbox 555 598 617 635; x_wconf 81' lang='lat' dir='ltr'>dicere</span> <span class='ocrx_word' id='word_1_63' title='bbox 626 603 751 645; x_wconf 61' lang='lat' dir='ltr'>contempse‘</span> 
     </span>
     <span class='ocr_line' id='line_1_9' title="bbox 85 655 751 713; baseline -0.002 -12"><span class='ocrx_word' id='word_1_64' title='bbox 85 664 115 708; x_wconf 88' lang='lat' dir='ltr'>rit,</span> <span class='ocrx_word' id='word_1_65' title='bbox 125 671 144 702; x_wconf 91' lang='lat' dir='ltr'>et</span> <span class='ocrx_word' id='word_1_66' title='bbox 158 665 182 701; x_wconf 91' lang='lat' dir='ltr'>de</span> <span class='ocrx_word' id='word_1_67' title='bbox 194 666 231 702; x_wconf 89' lang='lat' dir='ltr'>hoc</span> <span class='ocrx_word' id='word_1_68' title='bbox 243 665 344 702; x_wconf 81' lang='lat' dir='ltr'>convictus</span> <span class='ocrx_word' id='word_1_69' title='bbox 358 666 387 702; x_wconf 87' lang='lat' dir='ltr'>vet</span> <span class='ocrx_word' id='word_1_70' title='bbox 404 667 507 703; x_wconf 81' lang='lat' dir='ltr'>confessus</span> <span class='ocrx_word' id='word_1_71' title='bbox 525 670 558 702; x_wconf 89' lang='lat' dir='ltr'>aut</span> <span class='ocrx_word' id='word_1_72' title='bbox 574 655 668 702; x_wconf 77' lang='lat' dir='ltr'>violenter</span> <span class='ocrx_word' id='word_1_73' title='bbox 682 675 751 713; x_wconf 90' lang='lat' dir='ltr'>suspe-</span> 
     </span>
    </p>
   </div>
   <div class='ocr_carea' id='block_1_4' title="bbox 85 732 753 988">
    <p class='ocr_par' dir='ltr' id='par_1_4' title="bbox 85 732 753 988">
     <span class='ocr_line' id='line_1_10' title="bbox 85 732 753 782; baseline -0.001 -12"><span class='ocrx_word' id='word_1_74' title='bbox 85 738 128 771; x_wconf 87' lang='lat' dir='ltr'>ctus</span> <span class='ocrx_word' id='word_1_75' title='bbox 143 733 209 778; x_wconf 78' lang='lat' dir='ltr'>tuerit,</span> <span class='ocrx_word' id='word_1_76' title='bbox 222 734 346 782; x_wconf 86' lang='lat' dir='ltr'>praecipimus</span> <span class='ocrx_word' id='word_1_77' title='bbox 360 745 394 782; x_wconf 84' lang='lat' dir='ltr'>per</span> <span class='ocrx_word' id='word_1_78' title='bbox 405 734 535 772; x_wconf 81' lang='lat' dir='ltr'>obedientiam</span> <span class='ocrx_word' id='word_1_79' title='bbox 548 745 584 772; x_wconf 89' lang='lat' dir='ltr'>suo</span> <span class='ocrx_word' id='word_1_80' title='bbox 597 734 654 782; x_wconf 87' lang='lat' dir='ltr'>priori</span> <span class='ocrx_word' id='word_1_81' title='bbox 668 734 698 770; x_wconf 89' lang='lat' dir='ltr'>vei</span> <span class='ocrx_word' id='word_1_82' title='bbox 712 732 753 771; x_wconf 90' lang='lat' dir='ltr'>cui-</span> 
     </span>
     <span class='ocr_line' id='line_1_11' title="bbox 85 802 752 851; baseline 0.001 -13"><span class='ocrx_word' id='word_1_83' title='bbox 85 813 170 850; x_wconf 87' lang='lat' dir='ltr'>cumque</span> <span class='ocrx_word' id='word_1_84' title='bbox 180 802 294 840; x_wconf 88' lang='lat' dir='ltr'>immediato</span> <span class='ocrx_word' id='word_1_85' title='bbox 308 813 344 840; x_wconf 91' lang='lat' dir='ltr'>suo</span> <span class='ocrx_word' id='word_1_86' title='bbox 357 803 458 851; x_wconf 84' lang='lat' dir='ltr'>superiori,</span> <span class='ocrx_word' id='word_1_87' title='bbox 470 808 491 840; x_wconf 93' lang='lat' dir='ltr'>ut</span> <span class='ocrx_word' id='word_1_88' title='bbox 502 804 577 840; x_wconf 87' lang='lat' dir='ltr'>talema</span> <span class='ocrx_word' id='word_1_89' title='bbox 590 802 714 851; x_wconf 80' lang='lat' dir='ltr'>susceptione</span> <span class='ocrx_word' id='word_1_90' title='bbox 722 814 752 840; x_wconf 89' lang='lat' dir='ltr'>or-</span> 
     </span>
     <span class='ocr_line' id='line_1_12' title="bbox 85 870 750 920; baseline 0.002 -13"><span class='ocrx_word' id='word_1_91' title='bbox 85 870 154 908; x_wconf 88' lang='lat' dir='ltr'>dinum</span> <span class='ocrx_word' id='word_1_92' title='bbox 162 870 268 919; x_wconf 90' lang='lat' dir='ltr'>suspendat</span> <span class='ocrx_word' id='word_1_93' title='bbox 280 876 299 908; x_wconf 89' lang='lat' dir='ltr'>et</span> <span class='ocrx_word' id='word_1_94' title='bbox 311 871 326 908; x_wconf 90' lang='lat' dir='ltr'>si</span> <span class='ocrx_word' id='word_1_95' title='bbox 337 871 451 920; x_wconf 87' lang='lat' dir='ltr'>hujusmodi</span> <span class='ocrx_word' id='word_1_96' title='bbox 463 870 614 920; x_wconf 86' lang='lat' dir='ltr'>suspensionem</span> <span class='ocrx_word' id='word_1_97' title='bbox 627 876 750 919; x_wconf 84' lang='lat' dir='ltr'>contempse-</span> 
     </span>
     <span class='ocr_line' id='line_1_13' title="bbox 86 929 752 988; baseline 0.002 -13"><span class='ocrx_word' id='word_1_98' title='bbox 86 939 110 976; x_wconf 92' lang='lat' dir='ltr'>rit</span> <span class='ocrx_word' id='word_1_99' title='bbox 122 929 233 976; x_wconf 69' lang='lat' dir='ltr'>horas‘non</span> <span class='ocrx_word' id='word_1_100' title='bbox 246 939 330 976; x_wconf 89' lang='lat' dir='ltr'>dicendo</span> <span class='ocrx_word' id='word_1_101' title='bbox 342 951 389 976; x_wconf 90' lang='lat' dir='ltr'>voce</span> <span class='ocrx_word' id='word_1_102' title='bbox 403 944 423 976; x_wconf 91' lang='lat' dir='ltr'>et</span> <span class='ocrx_word' id='word_1_103' title='bbox 436 940 478 977; x_wconf 90' lang='lat' dir='ltr'>loco</span> <span class='ocrx_word' id='word_1_104' title='bbox 493 950 527 987; x_wconf 90' lang='lat' dir='ltr'>per</span> <span class='ocrx_word' id='word_1_105' title='bbox 539 940 648 988; x_wconf 89' lang='lat' dir='ltr'>superiores</span> <span class='ocrx_word' id='word_1_106' title='bbox 664 939 752 987; x_wconf 88' lang='lat' dir='ltr'>supradi-</span> 
     </span>
    </p>
   </div>
   <div class='ocr_carea' id='block_1_5' title="bbox 84 1005 753 1120">
    <p class='ocr_par' dir='ltr' id='par_1_5' title="bbox 84 1005 753 1120">
     <span class='ocr_line' id='line_1_14' title="bbox 84 1005 753 1056; baseline 0 -12"><span class='ocrx_word' id='word_1_107' title='bbox 84 1012 126 1044; x_wconf 88' lang='lat' dir='ltr'>ctos</span> <span class='ocrx_word' id='word_1_108' title='bbox 138 1007 225 1055; x_wconf 83' lang='lat' dir='ltr'>privetur</span> <span class='ocrx_word' id='word_1_109' title='bbox 232 1012 251 1044; x_wconf 90' lang='lat' dir='ltr'>et</span> <span class='ocrx_word' id='word_1_110' title='bbox 260 1007 276 1045; x_wconf 92' lang='lat' dir='ltr'>si</span> <span class='ocrx_word' id='word_1_111' title='bbox 286 1018 320 1044; x_wconf 90' lang='lat' dir='ltr'>nec</span> <span class='ocrx_word' id='word_1_112' title='bbox 329 1019 353 1045; x_wconf 90' lang='lat' dir='ltr'>ex</span> <span class='ocrx_word' id='word_1_113' title='bbox 363 1008 398 1045; x_wconf 85' lang='lat' dir='ltr'>ho:</span> <span class='ocrx_word' id='word_1_114' title='bbox 407 1019 427 1045; x_wconf 89' lang='lat' dir='ltr'>se</span> <span class='ocrx_word' id='word_1_115' title='bbox 437 1007 569 1045; x_wconf 81' lang='lat' dir='ltr'>emendaverit</span> <span class='ocrx_word' id='word_1_116' title='bbox 577 1006 645 1045; x_wconf 83' lang='lat' dir='ltr'>carceri</span> <span class='ocrx_word' id='word_1_117' title='bbox 656 1005 753 1056; x_wconf 86' lang='lat' dir='ltr'>mancipe-</span> 
     </span>
     <span class='ocr_line' id='line_1_15' title="bbox 85 1071 355 1120; baseline 0.004 -12"><span class='ocrx_word' id='word_1_118' title='bbox 85 1077 117 1108; x_wconf 91' lang='lat' dir='ltr'>tur</span> <span class='ocrx_word' id='word_1_119' title='bbox 126 1082 224 1120; x_wconf 89' lang='lat' dir='ltr'>persupra</span> <span class='ocrx_word' id='word_1_120' title='bbox 235 1071 355 1109; x_wconf 84' lang='lat' dir='ltr'>nominatos.</span> 
     </span>
    </p>
   </div>
   <div class='ocr_carea' id='block_1_6' title="bbox 84 1139 758 2428">
    <p class='ocr_par' dir='ltr' id='par_1_6' title="bbox 86 1139 751 1463">
     <span class='ocr_line' id='line_1_16' title="bbox 102 1139 751 1188; baseline 0.003 -12"><span class='ocrx_word' id='word_1_121' title='bbox 102 1141 157 1176; x_wconf 70' lang='lat' dir='ltr'>&#39;item</span> <span class='ocrx_word' id='word_1_122' title='bbox 167 1151 213 1177; x_wconf 88' lang='lat' dir='ltr'>curn</span> <span class='ocrx_word' id='word_1_123' title='bbox 226 1140 249 1177; x_wconf 91' lang='lat' dir='ltr'>de</span> <span class='ocrx_word' id='word_1_124' title='bbox 263 1140 307 1186; x_wconf 77' lang='lat' dir='ltr'>Jure</span> <span class='ocrx_word' id='word_1_125' title='bbox 318 1139 444 1188; x_wconf 83' lang='lat' dir='ltr'>prohibentur</span> <span class='ocrx_word' id='word_1_126' title='bbox 460 1150 484 1177; x_wconf 90' lang='lat' dir='ltr'>ne</span> <span class='ocrx_word' id='word_1_127' title='bbox 497 1139 567 1188; x_wconf 87' lang='lat' dir='ltr'>aliquis</span> <span class='ocrx_word' id='word_1_128' title='bbox 580 1144 652 1177; x_wconf 87' lang='lat' dir='ltr'>temere</span> <span class='ocrx_word' id='word_1_129' title='bbox 663 1140 751 1178; x_wconf 89' lang='lat' dir='ltr'>habitum</span> 
     </span>
     <span class='ocr_line' id='line_1_17' title="bbox 87 1203 751 1263; baseline 0.002 -17"><span class='ocrx_word' id='word_1_130' title='bbox 87 1220 129 1246; x_wconf 84' lang='lat' dir='ltr'>suae</span> <span class='ocrx_word' id='word_1_131' title='bbox 141 1203 240 1257; x_wconf 80' lang='lat' dir='ltr'>religionis</span> <span class='ocrx_word' id='word_1_132' title='bbox 256 1208 340 1246; x_wconf 87' lang='lat' dir='ltr'>dimittat</span> <span class='ocrx_word' id='word_1_133' title='bbox 357 1209 394 1245; x_wconf 85' lang='lat' dir='ltr'>sub</span> <span class='ocrx_word' id='word_1_134' title='bbox 415 1205 693 1257; x_wconf 73' lang='lat' dir='ltr'>poenaexcommunicauonis</span> <span class='ocrx_word' id='word_1_135' title='bbox 708 1206 751 1263; x_wconf 75' lang='lat' dir='ltr'>latae</span> 
     </span>
     <span class='ocr_line' id='line_1_18' title="bbox 87 1274 751 1329; baseline 0 -15"><span class='ocrx_word' id='word_1_136' title='bbox 87 1277 189 1314; x_wconf 88' lang='lat' dir='ltr'>sententiae</span> <span class='ocrx_word' id='word_1_137' title='bbox 201 1277 244 1325; x_wconf 83' lang='lat' dir='ltr'>Ipso</span> <span class='ocrx_word' id='word_1_138' title='bbox 257 1278 306 1314; x_wconf 76' lang='lat' dir='ltr'>hieto</span> <span class='ocrx_word' id='word_1_139' title='bbox 315 1277 364 1329; x_wconf 82' lang='lat' dir='ltr'>(Fol.</span> <span class='ocrx_word' id='word_1_140' title='bbox 378 1278 424 1325; x_wconf 66' lang='lat'>4821)</span> <span class='ocrx_word' id='word_1_141' title='bbox 433 1274 525 1315; x_wconf 83' lang='lat' dir='ltr'>volumus</span> <span class='ocrx_word' id='word_1_142' title='bbox 537 1288 617 1314; x_wconf 90' lang='lat' dir='ltr'>ornnem</span> <span class='ocrx_word' id='word_1_143' title='bbox 630 1278 708 1315; x_wconf 84' lang='lat' dir='ltr'>fratrem</span> <span class='ocrx_word' id='word_1_144' title='bbox 720 1289 751 1315; x_wconf 89' lang='lat' dir='ltr'>ce-</span> 
     </span>
     <span class='ocr_line' id='line_1_19' title="bbox 86 1342 749 1395; baseline 0.002 -12"><span class='ocrx_word' id='word_1_145' title='bbox 86 1347 194 1384; x_wconf 85' lang='lat' dir='ltr'>lebrantem</span> <span class='ocrx_word' id='word_1_146' title='bbox 213 1346 254 1383; x_wconf 89' lang='lat' dir='ltr'>sine</span> <span class='ocrx_word' id='word_1_147' title='bbox 273 1345 368 1393; x_wconf 76' lang='lat' dir='ltr'>scapulari</span> <span class='ocrx_word' id='word_1_148' title='bbox 386 1342 469 1383; x_wconf 87' lang='lat' dir='ltr'>habente</span> <span class='ocrx_word' id='word_1_149' title='bbox 486 1345 585 1395; x_wconf 89' lang='lat' dir='ltr'>caputium</span> <span class='ocrx_word' id='word_1_150' title='bbox 603 1357 718 1394; x_wconf 88' lang='lat' dir='ltr'>expressum</span> <span class='ocrx_word' id='word_1_151' title='bbox 730 1352 749 1384; x_wconf 89' lang='lat' dir='ltr'>et</span> 
     </span>
     <span class='ocr_line' id='line_1_20' title="bbox 87 1414 642 1463; baseline 0.002 -11"><span class='ocrx_word' id='word_1_152' title='bbox 87 1416 191 1452; x_wconf 77' lang='lat' dir='ltr'>formatum</span> <span class='ocrx_word' id='word_1_153' title='bbox 201 1414 255 1452; x_wconf 90' lang='lat' dir='ltr'>vitari</span> <span class='ocrx_word' id='word_1_154' title='bbox 265 1415 319 1452; x_wconf 89' lang='lat' dir='ltr'>velut</span> <span class='ocrx_word' id='word_1_155' title='bbox 331 1414 524 1453; x_wconf 91' lang='lat' dir='ltr'>excommunicatum</span> <span class='ocrx_word' id='word_1_156' title='bbox 538 1414 581 1463; x_wconf 89' lang='lat' dir='ltr'>ipso</span> <span class='ocrx_word' id='word_1_157' title='bbox 590 1414 642 1461; x_wconf 82' lang='lat' dir='ltr'>Jure.</span> 
     </span>
    </p>

    <p class='ocr_par' dir='ltr' id='par_1_7' title="bbox 84 1482 758 2428">
     <span class='ocr_line' id='line_1_21' title="bbox 111 1482 752 1532; baseline 0.002 -12"><span class='ocrx_word' id='word_1_158' title='bbox 111 1484 158 1521; x_wconf 88' lang='lat' dir='ltr'>item</span> <span class='ocrx_word' id='word_1_159' title='bbox 168 1483 187 1520; x_wconf 85' lang='lat' dir='ltr'>in</span> <span class='ocrx_word' id='word_1_160' title='bbox 200 1483 283 1521; x_wconf 85' lang='lat' dir='ltr'>Rubrica</span> <span class='ocrx_word' id='word_1_161' title='bbox 292 1482 315 1521; x_wconf 90' lang='lat' dir='ltr'>lV</span> <span class='ocrx_word' id='word_1_162' title='bbox 327 1482 350 1520; x_wconf 90' lang='lat' dir='ltr'>de</span> <span class='ocrx_word' id='word_1_163' title='bbox 357 1482 433 1532; x_wconf 87' lang='lat' dir='ltr'>jejunio</span> <span class='ocrx_word' id='word_1_164' title='bbox 440 1482 548 1522; x_wconf 86' lang='lat' dir='ltr'>inseratur:</span> <span class='ocrx_word' id='word_1_165' title='bbox 558 1483 608 1521; x_wconf 84' lang='lat' dir='ltr'>Cum</span> <span class='ocrx_word' id='word_1_166' title='bbox 619 1482 637 1520; x_wconf 93' lang='lat' dir='ltr'>in</span> <span class='ocrx_word' id='word_1_167' title='bbox 647 1483 752 1521; x_wconf 91' lang='lat' dir='ltr'>comestio-</span> 
     </span>
     <span class='ocr_line' id='line_1_22' title="bbox 85 1551 753 1600; baseline 0.001 -11"><span class='ocrx_word' id='word_1_168' title='bbox 85 1551 144 1590; x_wconf 90' lang='lat' dir='ltr'>nibus</span> <span class='ocrx_word' id='word_1_169' title='bbox 153 1555 272 1589; x_wconf 86' lang='lat' dir='ltr'>camerarurn</span> <span class='ocrx_word' id='word_1_170' title='bbox 282 1556 302 1589; x_wconf 93' lang='lat' dir='ltr'>ut</span> <span class='ocrx_word' id='word_1_171' title='bbox 311 1552 422 1600; x_wconf 83' lang='lat' dir='ltr'>frequenter</span> <span class='ocrx_word' id='word_1_172' title='bbox 433 1551 547 1600; x_wconf 88' lang='lat' dir='ltr'>perveniant</span> <span class='ocrx_word' id='word_1_173' title='bbox 556 1552 694 1597; x_wconf 87' lang='lat' dir='ltr'>detractiones,</span> <span class='ocrx_word' id='word_1_174' title='bbox 707 1553 753 1590; x_wconf 90' lang='lat' dir='ltr'>adu-</span> 
     </span>
     <span class='ocr_line' id='line_1_23' title="bbox 85 1620 752 1666; baseline 0 -8"><span class='ocrx_word' id='word_1_175' title='bbox 85 1620 173 1663; x_wconf 83' lang='lat' dir='ltr'>lationes,</span> <span class='ocrx_word' id='word_1_176' title='bbox 186 1620 318 1658; x_wconf 85' lang='lat' dir='ltr'>conventibus</span> <span class='ocrx_word' id='word_1_177' title='bbox 332 1620 403 1658; x_wconf 84' lang='lat' dir='ltr'>darnna</span> <span class='ocrx_word' id='word_1_178' title='bbox 415 1620 595 1666; x_wconf 81' lang='lat' dir='ltr'>etdevastationes,</span> <span class='ocrx_word' id='word_1_179' title='bbox 610 1632 655 1658; x_wconf 91' lang='lat' dir='ltr'>cum</span> <span class='ocrx_word' id='word_1_180' title='bbox 666 1632 689 1659; x_wconf 85' lang='lat' dir='ltr'>ex</span> <span class='ocrx_word' id='word_1_181' title='bbox 698 1632 752 1659; x_wconf 91' lang='lat' dir='ltr'>com-</span> 
     </span>
     <span class='ocr_line' id='line_1_24' title="bbox 85 1689 753 1739; baseline -0.001 -12"><span class='ocrx_word' id='word_1_182' title='bbox 85 1690 140 1727; x_wconf 93' lang='lat' dir='ltr'>muni</span> <span class='ocrx_word' id='word_1_183' title='bbox 152 1689 241 1727; x_wconf 90' lang='lat' dir='ltr'>convicto</span> <span class='ocrx_word' id='word_1_184' title='bbox 255 1689 299 1727; x_wconf 83' lang='lat' dir='ltr'>talia</span> <span class='ocrx_word' id='word_1_185' title='bbox 313 1690 407 1727; x_wconf 78' lang='lat' dir='ltr'>tollantur</span> <span class='ocrx_word' id='word_1_186' title='bbox 419 1694 437 1726; x_wconf 86' lang='lat' dir='ltr'>et</span> <span class='ocrx_word' id='word_1_187' title='bbox 448 1689 551 1727; x_wconf 84' lang='lat' dir='ltr'>concordia</span> <span class='ocrx_word' id='word_1_188' title='bbox 562 1700 584 1726; x_wconf 90' lang='lat' dir='ltr'>ac</span> <span class='ocrx_word' id='word_1_189' title='bbox 598 1689 680 1727; x_wconf 85' lang='lat' dir='ltr'>amicitia</span> <span class='ocrx_word' id='word_1_190' title='bbox 692 1701 753 1739; x_wconf 85' lang='lat' dir='ltr'>gene-</span> 
     </span>
     <span class='ocr_line' id='line_1_25' title="bbox 85 1757 758 1807; baseline 0.001 -12"><span class='ocrx_word' id='word_1_191' title='bbox 85 1763 144 1802; x_wconf 86' lang='lat' dir='ltr'>retur,</span> <span class='ocrx_word' id='word_1_192' title='bbox 157 1758 240 1796; x_wconf 92' lang='lat' dir='ltr'>omnino</span> <span class='ocrx_word' id='word_1_193' title='bbox 252 1769 286 1807; x_wconf 92' lang='lat' dir='ltr'>per</span> <span class='ocrx_word' id='word_1_194' title='bbox 302 1763 407 1806; x_wconf 81' lang='lat' dir='ltr'>praesentes</span> <span class='ocrx_word' id='word_1_195' title='bbox 417 1757 436 1795; x_wconf 93' lang='lat' dir='ltr'>in</span> <span class='ocrx_word' id='word_1_196' title='bbox 448 1757 519 1796; x_wconf 91' lang='lat' dir='ltr'>virtute</span> <span class='ocrx_word' id='word_1_197' title='bbox 528 1762 600 1796; x_wconf 77' lang='lat' dir='ltr'>sancte</span> <span class='ocrx_word' id='word_1_198' title='bbox 609 1758 724 1797; x_wconf 87' lang='lat' dir='ltr'>obedientiae</span> <span class='ocrx_word' id='word_1_199' title='bbox 733 1763 758 1796; x_wconf 47' lang='lat' dir='ltr'>et*</span> 
     </span>
     <span class='ocr_line' id='line_1_26' title="bbox 85 1827 752 1876; baseline 0 -12"><span class='ocrx_word' id='word_1_200' title='bbox 85 1827 123 1864; x_wconf 92' lang='lat' dir='ltr'>sub</span> <span class='ocrx_word' id='word_1_201' title='bbox 131 1838 190 1875; x_wconf 84' lang='lat' dir='ltr'>poena</span> <span class='ocrx_word' id='word_1_202' title='bbox 199 1827 407 1864; x_wconf 85' lang='lat' dir='ltr'>excommunicationis</span> <span class='ocrx_word' id='word_1_203' title='bbox 417 1827 460 1864; x_wconf 80' lang='lat' dir='ltr'>latae</span> <span class='ocrx_word' id='word_1_204' title='bbox 469 1827 570 1865; x_wconf 84' lang='lat' dir='ltr'>sententiae</span> <span class='ocrx_word' id='word_1_205' title='bbox 580 1827 622 1876; x_wconf 86' lang='lat' dir='ltr'>ipso</span> <span class='ocrx_word' id='word_1_206' title='bbox 631 1828 682 1865; x_wconf 82' lang='lat' dir='ltr'>tacto</span> <span class='ocrx_word' id='word_1_207' title='bbox 691 1827 752 1864; x_wconf 81' lang='lat' dir='ltr'>firmi-</span> 
     </span>
     <span class='ocr_line' id='line_1_27' title="bbox 84 1890 752 1945; baseline 0 -12"><span class='ocrx_word' id='word_1_208' title='bbox 84 1901 114 1933; x_wconf 90' lang='lat' dir='ltr'>ter</span> <span class='ocrx_word' id='word_1_209' title='bbox 123 1890 236 1933; x_wconf 84' lang='lat' dir='ltr'>inhibemus</span> <span class='ocrx_word' id='word_1_210' title='bbox 248 1906 272 1933; x_wconf 90' lang='lat' dir='ltr'>ne</span> <span class='ocrx_word' id='word_1_211' title='bbox 291 1895 361 1943; x_wconf 86' lang='lat' dir='ltr'>aliquis</span> <span class='ocrx_word' id='word_1_212' title='bbox 373 1897 430 1932; x_wconf 84' lang='lat' dir='ltr'>irater</span> <span class='ocrx_word' id='word_1_213' title='bbox 441 1896 584 1944; x_wconf 69' lang='lat' dir='ltr'>cujuscumque</span> <span class='ocrx_word' id='word_1_214' title='bbox 596 1899 665 1939; x_wconf 87' lang='lat' dir='ltr'>status,</span> <span class='ocrx_word' id='word_1_215' title='bbox 679 1896 752 1945; x_wconf 82' lang='lat' dir='ltr'>gradus</span> 
     </span>
     <span class='ocr_line' id='line_1_28' title="bbox 85 1957 751 2006; baseline 0.002 -5"><span class='ocrx_word' id='word_1_216' title='bbox 85 1969 119 2002; x_wconf 86' lang='lat' dir='ltr'>aut</span> <span class='ocrx_word' id='word_1_217' title='bbox 128 1957 246 2002; x_wconf 86' lang='lat' dir='ltr'>conditionis</span> <span class='ocrx_word' id='word_1_218' title='bbox 258 1964 333 2006; x_wconf 85' lang='lat' dir='ltr'>existat,</span> <span class='ocrx_word' id='word_1_219' title='bbox 347 1965 366 2001; x_wconf 93' lang='lat' dir='ltr'>in</span> <span class='ocrx_word' id='word_1_220' title='bbox 379 1969 477 2002; x_wconf 87' lang='lat' dir='ltr'>conventu</span> <span class='ocrx_word' id='word_1_221' title='bbox 487 1963 588 2002; x_wconf 87' lang='lat' dir='ltr'>Parisiensi</span> <span class='ocrx_word' id='word_1_222' title='bbox 600 1963 637 2002; x_wconf 89' lang='lat' dir='ltr'>nisi</span> <span class='ocrx_word' id='word_1_223' title='bbox 649 1976 706 2002; x_wconf 85' lang='lat' dir='ltr'>causa</span> <span class='ocrx_word' id='word_1_224' title='bbox 722 1965 751 2002; x_wconf 91' lang='lat' dir='ltr'>in-</span> 
     </span>
     <span class='ocr_line' id='line_1_29' title="bbox 86 2032 753 2071; baseline 0.001 -1"><span class='ocrx_word' id='word_1_225' title='bbox 86 2032 182 2070; x_wconf 79' lang='lat' dir='ltr'>firmitatis</span> <span class='ocrx_word' id='word_1_226' title='bbox 191 2039 242 2070; x_wconf 88' lang='lat' dir='ltr'>extra</span> <span class='ocrx_word' id='word_1_227' title='bbox 254 2033 376 2071; x_wconf 81' lang='lat' dir='ltr'>refectorium</span> <span class='ocrx_word' id='word_1_228' title='bbox 389 2034 419 2070; x_wconf 86' lang='lat' dir='ltr'>vei</span> <span class='ocrx_word' id='word_1_229' title='bbox 428 2037 482 2071; x_wconf 88' lang='lat' dir='ltr'>extra</span> <span class='ocrx_word' id='word_1_230' title='bbox 494 2033 542 2070; x_wconf 89' lang='lat' dir='ltr'>duas</span> <span class='ocrx_word' id='word_1_231' title='bbox 551 2033 604 2070; x_wconf 84' lang='lat' dir='ltr'>aulas</span> <span class='ocrx_word' id='word_1_232' title='bbox 616 2032 753 2071; x_wconf 81' lang='lat' dir='ltr'>ibidem-com-</span> 
     </span>
     <span class='ocr_line' id='line_1_30' title="bbox 87 2101 750 2150; baseline -0.002 -10"><span class='ocrx_word' id='word_1_233' title='bbox 87 2102 172 2140; x_wconf 90' lang='lat' dir='ltr'>muniter</span> <span class='ocrx_word' id='word_1_234' title='bbox 186 2101 290 2139; x_wconf 80' lang='lat' dir='ltr'>existentes</span> <span class='ocrx_word' id='word_1_235' title='bbox 303 2102 322 2139; x_wconf 90' lang='lat' dir='ltr'>in</span> <span class='ocrx_word' id='word_1_236' title='bbox 335 2102 415 2150; x_wconf 83' lang='lat' dir='ltr'>prandio</span> <span class='ocrx_word' id='word_1_237' title='bbox 431 2102 460 2138; x_wconf 87' lang='lat' dir='ltr'>vel</span> <span class='ocrx_word' id='word_1_238' title='bbox 475 2111 531 2143; x_wconf 74' lang='lat' dir='ltr'>crena</span> <span class='ocrx_word' id='word_1_239' title='bbox 548 2101 650 2139; x_wconf 90' lang='lat' dir='ltr'>comedere</span> <span class='ocrx_word' id='word_1_240' title='bbox 674 2101 750 2148; x_wconf 85' lang='lat' dir='ltr'>audeat,</span> 
     </span>
     <span class='ocr_line' id='line_1_31' title="bbox 87 2170 752 2220; baseline 0 -11"><span class='ocrx_word' id='word_1_241' title='bbox 87 2173 180 2220; x_wconf 86' lang='lat' dir='ltr'>magistro</span> <span class='ocrx_word' id='word_1_242' title='bbox 201 2173 283 2220; x_wconf 79' lang='lat' dir='ltr'>regenti,</span> <span class='ocrx_word' id='word_1_243' title='bbox 300 2171 410 2209; x_wconf 85' lang='lat' dir='ltr'>bachahrio</span> <span class='ocrx_word' id='word_1_244' title='bbox 433 2176 451 2209; x_wconf 87' lang='lat' dir='ltr'>et</span> <span class='ocrx_word' id='word_1_245' title='bbox 468 2170 539 2208; x_wconf 91' lang='lat' dir='ltr'>bibiico</span> <span class='ocrx_word' id='word_1_246' title='bbox 551 2170 622 2208; x_wconf 88' lang='lat' dir='ltr'>ibidem</span> <span class='ocrx_word' id='word_1_247' title='bbox 640 2170 752 2220; x_wconf 83' lang='lat' dir='ltr'>legentibus</span> 
     </span>
     <span class='ocr_line' id='line_1_32' title="bbox 86 2239 750 2289; baseline 0 -11"><span class='ocrx_word' id='word_1_248' title='bbox 86 2247 128 2279; x_wconf 90' lang='lat' dir='ltr'>actu</span> <span class='ocrx_word' id='word_1_249' title='bbox 135 2241 237 2278; x_wconf 85' lang='lat' dir='ltr'>dumtaxat</span> <span class='ocrx_word' id='word_1_250' title='bbox 248 2240 346 2289; x_wconf 85' lang='lat' dir='ltr'>exceptis;</span> <span class='ocrx_word' id='word_1_251' title='bbox 356 2240 467 2278; x_wconf 89' lang='lat' dir='ltr'>inhibentes</span> <span class='ocrx_word' id='word_1_252' title='bbox 477 2239 550 2277; x_wconf 88' lang='lat' dir='ltr'>eisdem</span> <span class='ocrx_word' id='word_1_253' title='bbox 563 2239 600 2278; x_wconf 91' lang='lat' dir='ltr'>sub</span> <span class='ocrx_word' id='word_1_254' title='bbox 611 2239 678 2277; x_wconf 87' lang='lat' dir='ltr'>eadem</span> <span class='ocrx_word' id='word_1_255' title='bbox 692 2250 750 2289; x_wconf 85' lang='lat' dir='ltr'>poena</span> 
     </span>
     <span class='ocr_line' id='line_1_33' title="bbox 85 2308 750 2363; baseline 0 -16"><span class='ocrx_word' id='word_1_256' title='bbox 85 2321 109 2347; x_wconf 93' lang='lat' dir='ltr'>ne</span> <span class='ocrx_word' id='word_1_257' title='bbox 121 2309 140 2363; x_wconf 86' lang='lat' dir='ltr'>in</span> <span class='ocrx_word' id='word_1_258' title='bbox 148 2321 195 2348; x_wconf 88' lang='lat' dir='ltr'>casu</span> <span class='ocrx_word' id='word_1_259' title='bbox 207 2320 247 2358; x_wconf 86' lang='lat' dir='ltr'>quo</span> <span class='ocrx_word' id='word_1_260' title='bbox 259 2309 278 2346; x_wconf 90' lang='lat' dir='ltr'>in</span> <span class='ocrx_word' id='word_1_261' title='bbox 291 2310 331 2347; x_wconf 92' lang='lat' dir='ltr'>suis</span> <span class='ocrx_word' id='word_1_262' title='bbox 343 2310 424 2347; x_wconf 87' lang='lat' dir='ltr'>cameris</span> <span class='ocrx_word' id='word_1_263' title='bbox 435 2308 586 2347; x_wconf 78' lang='lat' dir='ltr'>comedentjnisi</span> <span class='ocrx_word' id='word_1_264' title='bbox 595 2319 659 2346; x_wconf 91' lang='lat' dir='ltr'>unum</span> <span class='ocrx_word' id='word_1_265' title='bbox 672 2309 750 2347; x_wconf 81' lang='lat' dir='ltr'>tratrem</span> 
     </span>
     <span class='ocr_line' id='line_1_34' title="bbox 85 2378 750 2428; baseline -0.002 -11"><span class='ocrx_word' id='word_1_266' title='bbox 85 2380 155 2417; x_wconf 88' lang='lat' dir='ltr'>habere</span> <span class='ocrx_word' id='word_1_267' title='bbox 174 2379 252 2428; x_wconf 86' lang='lat' dir='ltr'>possint</span> <span class='ocrx_word' id='word_1_268' title='bbox 263 2379 313 2417; x_wconf 88' lang='lat' dir='ltr'>ultra</span> <span class='ocrx_word' id='word_1_269' title='bbox 337 2378 458 2417; x_wconf 89' lang='lat' dir='ltr'>servitorem.</span> <span class='ocrx_word' id='word_1_270' title='bbox 471 2378 518 2416; x_wconf 85' lang='lat' dir='ltr'>item</span> <span class='ocrx_word' id='word_1_271' title='bbox 536 2378 750 2428; x_wconf 86' lang='lat' dir='ltr'>statuimusetpraeci-</span> 
     </span>
    </p>
   </div>
   <div class='ocr_carea' id='block_1_7' title="bbox 0 0 822 2703">
    <p class='ocr_par' dir='ltr' id='par_1_8' title="bbox 0 0 822 2703">
     <span class='ocr_line' id='line_1_35' title="bbox 0 0 822 2703; baseline 0 0"><span class='ocrx_word' id='word_1_272' title='bbox 0 0 822 2703; x_wconf 95' lang='lat' dir='ltr'> </span> 
     </span>
    </p>
   </div>
  </div>
 </body>
</html>
