1631 2703
275 104 342 132 oanan.
354 104 372 131 a.
386 104 404 131 o.
421 90 477 143 1362.
671 93 708 141 ¹185

71 177 116 235 item
128 178 210 215 Robrica
221 179 258 216 Xlii
275 180 298 216 de
316 180 426 227 receptione
444 179 563 217 novitiorum
582 180 705 223 ordinamus,

45 246 99 294 quod
117 247 181 284 nullus
196 247 258 296 possit
276 249 358 296 recipere
375 253 473 296 apostatas
491 248 570 285 aliarum
583 247 708 296 religionum,

45 315 126 354 etiamsi
139 318 221 355 habeant
233 319 305 355 litteras
322 318 449 361 dimissorias,
463 318 493 360 Vel
511 318 559 355 alios
570 318 709 356 transferentes

45 395 66 421 se
78 385 101 421 de
113 386 205 433 religione
214 387 256 430 alia,
270 386 306 423 nisi
317 387 368 434 prior
380 387 485 436 generatim
500 398 535 423 nee
547 387 600 427 tales,
612 387 627 423 si
641 387 711 423 fuer-tat

28 496 30 499 ¹
46 455 123 503 recepti,
134 455 210 504 possint
218 457 242 502 ad
255 456 360 504 prioratum
374 455 554 504 veisubprioratum
571 453 621 504 (aar)
633 455 711 493 vicaria-

45 529 88 561 tum
110 524 174 572 recipi,
198 526 237 572 (vel
253 526 286 575 ad)
303 526 416 563 lectoratum
435 524 547 573 promoveri
573 524 614 561 sine
635 525 710 562 iiceutia

45 594 146 642 generalis.

72 663 117 700 item
127 663 264 701 RubricaXXii
276 664 299 701 de
315 664 431 701 custodibus
450 662 570 707 ordinamus,
585 662 638 710 quod
660 662 711 710 prior

45 731 86 769 siue
99 732 149 770 scitu
158 732 263 770 custodum
276 738 309 770 aut
321 733 405 770 duorum
419 733 516 769 bonorum
534 732 614 769 fratrum
627 741 712 769 conven-

44 805 77 838 tus
89 801 104 838 si
115 800 220 849 perieulum
233 801 330 845 timeatur,
344 812 383 838 non
393 805 453 849 ponat
466 801 517 839 bona
527 805 636 838 conventus
648 800 667 837 in
677 800 711 837 ali-

45 881 85 917 quo
98 871 140 908 loco
152 876 259 908 conventus
271 870 385 908 abscondito
398 871 427 908 vei
440 870 520 913 invilla,
534 869 571 908 sub
581 880 639 918 poena
652 870 712 918 depo-

46 938 122 977 sitionis
132 939 156 976 ab
167 939 231 982 officio
243 938 279 990 (r).

72 1008 93 1046 Et
105 1009 218 1046 ordinamus
231 1009 284 1057 quod
294 1009 359 1046 nuilus
372 1008 428 1045 irater
440 1008 465 1046 sit
475 1008 567 1045 diffinitor
581 1008 659 1057 capituli
676 1020 710 1057 ge-

47 1077 116 1114 neralis
126 1089 161 1115 nec
173 1078 196 1115 ad
208 1078 246 1115 hoc
257 1078 346 1126 eligatur,
360 1077 397 1115 nisi
410 1077 456 1115 sciat
465 1077 519 1125 loqui
529 1077 619 1114 latinum.

72 1146 118 1183 item
131 1146 242 1190 statuimus,
253 1147 306 1194 quod
316 1146 429 1184 constitutio
437 1146 526 1183 Ferrariae
534 1145 564 1196 (2)
573 1146 647 1191 dicens,
659 1147 712 1194 quod

46 1220 173 1263 expectentur
182 1216 240 1263 aliqui
252 1216 349 1261 absentes,
364 1211 440 1253 radatur
450 1220 468 1253 et
481 1221 558 1252 maneat
569 1216 656 1263 antiqua.

71 1285 93 1322 Et
104 1284 225 1328 ordinamus
239 1285 291 1333 quoi
302 1285 353 1333 prior
365 1284 469 1333 generalis,
482 1291 588 1333 postquam
601 1285 712 1333 resignave-

46 1353 75 1397 rit,
90 1354 185 1402 prrecedat
195 1365 332 1402 quoscumque
344 1355 412 1391 tratres
424 1353 498 1391 ordinis
509 1354 652 1402 cujuscumque
670 1366 713 1402 gra-

46 1423 82 1459 dus
94 1428 127 1459 aut
139 1422 195 1459 offisii
207 1421 243 1473 (et)
256 1423 280 1459 sit
292 1422 404 1459 immediate
417 1428 461 1470 post
481 1423 591 1470 generalem
605 1423 624 1459 in
636 1423 712 1460 electio-

46 1491 104 1529 nibus
114 1496 132 1528 et
144 1491 162 1528 in
175 1502 300 1539 quocumque
312 1491 349 1529 aiio
361 1496 405 1528 actu
417 1492 436 1528 in
451 1492 541 1539 capitulis
553 1492 583 1528 vel
602 1491 649 1529 iocis
661 1491 709 1529 aliis.

45 1561 99 1606 item,
118 1560 170 1608 quod
191 1559 253 1596 eidem
276 1559 400 1607 provideatur
415 1559 463 1609 (Pol.
484 1559 675 1610 jobiperordinenr
688 1549 720 1596 des

45 1628 109 1676 aliquo
122 1628 217 1666 vestiario.
231 1629 277 1665 item
290 1628 343 1676 quod
353 1628 415 1665 eidem
429 1629 552 1676 provideatur
564 1630 582 1666 in
595 1629 710 1666 victualibus

46 1698 135 1735 decenter
147 1708 186 1745 prae
196 1696 236 1735 aliis
249 1697 354 1745 magistris,
369 1697 402 1746 qui
415 1708 454 1734 non
466 1697 536 1734 fuerint
545 1697 564 1733 in
577 1697 649 1735 officio.

72 1767 117 1804 item
138 1766 157 1803 in
177 1766 259 1803 Rubrica
279 1766 332 1803 XXiii
354 1767 385 1814 (3)
407 1764 528 1816 reducendo]
548 1767 709 1804 constitutionem

45 1836 144 1884 antiquam
160 1840 179 1872 et
195 1847 237 1886 eam
250 1835 361 1872 reducendo
373 1836 403 1871 vel
416 1836 528 1872 renovando
540 1835 634 1872 addatur:
646 1836 712 1873 Decla-

46 1915 118 1947 ramus,
129 1905 182 1952 quod
193 1915 291 1946 excessus,
303 1910 382 1953 propter
390 1916 441 1952 quos
451 1905 503 1953 prior
511 1905 637 1953 generalisab
648 1905 711 1942 officio

45 1986 81 2012 suo
93 1978 122 2011 est
133 1973 272 2017 absolvendus,
286 1978 332 2010 sunt
345 1980 428 2021 quatuor
441 1985 475 2021 pro
488 1974 561 2022 quibus
574 1974 639 2011 solum
657 1985 712 2011 amo-

45 2043 84 2081 veri
94 2042 171 2092 poterit,
183 2042 253 2080 scilieet
261 2053 296 2090 pro
310 2047 388 2091 peccato
402 2042 486 2086 notorio,
498 2043 551 2091 quod
565 2043 606 2080 sine
619 2043 710 2080 scandalo

67 2217 89 2259 (r)
99 2216 166 2249 Testus
176 2214 205 2248 ‘nic
215 2223 232 2248 et
241 2225 272 2258 per
282 2226 363 2259 magnam
374 2224 442 2259 partem
455 2215 507 2260 bajus
521 2216 594 2261 capituli
605 2219 656 2251 vaide
670 2229 708 2251 cor-

47 2284 117 2317 ruptus,

68 2335 89 2376 iti
99 2335 156 2377 Supra
167 2334 185 2367 Ρ.
198 2343 234 2376 174,

11 2434 14 2440 .
69 2392 91 2436 <33
102 2403 118 2425 n.
130 2402 157 2434 24.
