1616 2703
103 79 141 118 242
377 70 497 109 ·'caanoous
542 90 544 92 ·

101 154 296 208 gentiarum(1)quae
303 167 386 195 suorum
394 156 562 206 praedecessorum
572 154 779 205 potuitobtinerenul-
800 200 802 204 Ι

102 228 133 265 lus
140 238 174 265 sua
182 226 258 275 ingenti
270 227 371 276 diligentia
379 226 463 275 adeptus
470 231 507 265 est.
515 226 550 264 Vir
559 236 677 275 procerosus
688 225 779 274 aquilini-

102 307 142 344 que
152 295 202 341 nasi,
213 284 368 345 sperabaturque
380 295 395 334 si
405 295 498 345 supervia
509 299 563 334 esset
574 294 697 334 canonisatio
705 296 779 333 solem-

103 365 134 403 nis
143 365 194 403 beati
204 366 278 404 Alberti
285 376 316 403 uc.
330 366 346 404 ls
356 377 401 404 cum
412 377 484 404 novem
494 365 551 404 annis
560 364 629 404 Ordini
637 364 748 414 praefuisset
757 365 777 402 in

103 440 180 473 matura
199 440 255 474 aetate
272 435 385 474 consistens
396 435 467 474 Romae
476 435 525 473 obiit
544 436 676 484 sepultusque
686 435 737 483 Jacet
757 434 777 472 in

103 509 172 543 nostro
182 509 283 543 conventu
294 505 314 543 S.
325 504 402 543 Martini
412 505 432 543 in
445 493 511 543 medio
520 505 574 543 chori
587 503 696 542 honorabili
708 504 777 542 tumba

103 579 213 617 contectus,
224 585 276 612 anno
286 574 365 612 Domini
378 576 434 622 1481.

129 643 175 682 Post
182 644 239 693 cujus
249 655 353 683 excessum
366 656 419 682 anno
432 644 512 682 Domini
522 646 571 692 1482
580 644 599 682 in
609 646 725 683 Pentecoste
746 655 777 681 ca-

102 714 165 762 pitulo
181 714 267 763 generali
282 714 302 752 in
315 713 412 752 ‘Avinione
428 714 508 752 collecto
520 714 615 763 Magister
626 715 684 752 irater
696 713 777 751 Pontius

101 783 202 832 Raynaudi
209 788 257 822 tunc
266 783 372 833 provinciae
384 783 491 821 l’rovinciae
501 783 625 833 provincialis
634 789 653 822 et
662 784 776 822 auctoritate

101 853 208 902 apostolica
216 853 312 902 generalis
320 852 554 904 Ordinisvicarius(2)in
567 854 679 902 generalem
700 864 778 892 assum-

101 928 147 973 ptus
154 928 190 967 est,
200 923 268 972 inipso
276 923 341 962 officio
351 923 445 973 usquead
453 923 545 961 ultimum
553 935 636 968 annum,
645 923 717 962 scilicet
727 933 776 973 1502

102 1004 237 1042 perseverans,
251 1004 311 1031 sensu
323 994 386 1032 adhuc
396 1004 460 1042 usque
472 993 520 1031 adeo
532 998 601 1032 acutus
617 998 638 1032 ut
648 993 776 1031 minimarum

102 1063 210 1101 litterarum
232 1064 326 1102 formulas
338 1063 381 1101 sine
390 1063 499 1101 oculorium
515 1062 660 1101 ministratione
670 1064 777 1113 promptis-

102 1133 152 1184 sime
158 1133 231 1170 lectitet
237 1133 389 1183 octuagenarius
396 1133 473 1171 tametsi
481 1133 512 1171 sit.
521 1132 581 1170 Hicin
589 1138 689 1171 conventu
697 1133 777 1181 Aquen-

103 1202 118 1240 si
131 1204 215 1251 praefatae
225 1202 330 1251 provinciae
342 1203 431 1240 habitum
444 1203 523 1252 accepit,
535 1203 635 1251 simulque
644 1202 665 1240 in
678 1202 745 1240 eadem
753 1202 777 1240 ci-

102 1273 162 1310 vitate
174 1272 256 1310 sortitus
265 1277 295 1311 est
307 1272 413 1322 originem,
424 1278 443 1310 et
454 1272 535 1310 demum
551 1272 570 1310 in
583 1276 682 1310 conventu
695 1271 776 1310 Aninio-

102 1341 160 1379 nensi
172 1342 277 1390 adoptatus
288 1346 325 1380 est.
336 1341 371 1379 Hic
381 1346 454 1380 statura
463 1342 567 1380 mediocris
586 1342 629 1388 luit,
642 1342 704 1379 forma
717 1341 776 1380 robu-

101 1413 151 1456 stus
163 1416 243 1460 aspectu
252 1411 350 1455 terribilis,
364 1423 482 1460 exasperans
495 1411 581 1460 eloquio,
589 1411 652 1449 audax
662 1416 682 1449 ut
692 1412 729 1455 leo,
742 1410 776 1449 Te-

101 1481 194 1525 rentium,
208 1481 329 1529 JuvenaIem,
343 1481 444 1519 lilaronem
465 1486 484 1518 et
502 1481 588 1519 maxime
605 1480 717 1519 Ciceronem
732 1485 776 1519 tan-

99 1555 118 1587 ta
131 1551 217 1588 retinens
228 1551 322 1588 memoria
334 1555 357 1589 ut
368 1563 414 1588 cum
427 1550 501 1589 eisdem
515 1555 573 1589 natus
583 1550 700 1588 crederetur.
714 1550 733 1588 ln
745 1561 776 1588 su-

99 1619 137 1657 cris
146 1631 193 1658 vero
204 1619 272 1658 litteris
291 1620 338 1658 nulli
346 1619 433 1670 opinioni
442 1620 502 1658 fidem
510 1631 553 1669 quae
561 1631 601 1658 non
614 1619 727 1658 authentico
737 1616 775 1657 tex-

99 1694 122 1727 tu
134 1690 265 1728 sacraessibliae
276 1689 383 1737 fulciretur,
396 1690 502 1738 aliquando
512 1690 572 1728 dedit.
581 1689 615 1727 Hic
624 1701 679 1734 auro,
688 1688 774 1739 gemmis

98 1759 235 1809 jocalibusque
250 1759 361 1798 innumeris
379 1760 523 1809 repletissimus
535 1759 598 1798 extitit
616 1771 738 1808 quamquam
750 1759 774 1796 ad

100 1829 131 1867 sui
146 1829 208 1878 ipsius
216 1829 265 1877 (Fol.
281 1828 326 1881 59³)
335 1835 474 1868 ornamentum
485 1829 572 1868 incurius
586 1829 678 1874 extiterit,
689 1828 721 1866 vili
733 1840 775 1867 sca-

99 1899 161 1948 puluri
173 1904 192 1937 et
202 1899 254 1937 birro
264 1900 356 1938 amictus.
367 1900 406 1944 Qui
418 1900 461 1937 licet
471 1899 596 1938 homovariis
609 1899 775 1948 passionibuscu-

99 1968 185 2017 piditatis
197 1979 227 2007 uc.
238 1968 323 2017 agitatus
333 1969 419 2007 extiterit
428 1970 510 2008 virtutes
523 1974 589 2008 tamen
602 1974 620 2006 et
630 1968 730 2007 virtuosos
742 1980 774 2006 co-

99 2038 140 2077 luit.
154 2038 233 2076 Dicebat
245 2043 310 2076 autem
321 2038 424 2077 communi
437 2039 555 2088 proverbio:
567 2039 612 2077 Non
622 2049 692 2077 omnes
698 2038 718 2076 in
728 2039 774 2077 cho-

98 2119 127 2153 ro,
139 2119 179 2145 non
191 2119 262 2146 omnes
274 2108 293 2145 in
310 2108 407 2156 cathedra,
421 2120 461 2146 non
473 2119 543 2146 omnes
555 2108 575 2146 in
588 2108 661 2147 schola.
676 2108 711 2145 Hic
723 2107 774 2145 inter

98 2182 173 2216 ceteros
185 2182 297 2217 conventus
314 2178 470 2217 Avinionensem
485 2178 558 2217 amavit
576 2178 626 2217 etin
639 2177 706 2216 divino
719 2178 773 2216 cultu

120 2326 143 2369 (1)
153 2325 261 2367 Buliarium,
269 2327 283 2360 1.
297 2326 335 2370 319,

121 2385 142 2429 (a)
153 2384 261 2431 Bullatium,
272 2385 285 2418 l.
297 2385 335 2429 373¹
