1616 2703
212 116 235 144 DE
247 115 351 145 CONVENTU
364 114 543 144 lllEROSOLYllllTllNO
677 116 712 157 291

41 191 100 240 hujus
113 190 213 240 religionis
223 191 257 240 qui
271 191 291 229 in
304 182 425 229 monasterio
437 190 615 241 Hierosolymitano
627 191 717 238 solebant

41 261 65 299 de
76 260 209 312 eleemosynis
228 260 378 310 peregrinorum
396 259 502 299 sustentari
517 265 565 298 tunc
576 261 628 298 fame
639 260 717 310 pericli-

41 330 147 378 tabantur;
164 342 185 368 ea
196 330 257 380 igitur
268 330 384 369 necessitate
398 329 496 378 compulsi
513 329 656 368 monasterium
669 329 717 368 illud

42 399 243 449 Hierosolymitanum
256 399 404 448 dereliquerunt
412 403 431 436 et
443 409 464 436 se
473 398 498 436 ad
510 397 629 436 monasteria
639 397 728 444 Phoeni-¹

42 469 77 507 ciae
87 470 238 514 transtulerunt,
246 468 334 507 dimissis
346 467 471 506 monasteriis
482 466 596 512 Palaestinis,
608 472 628 506 et
639 468 667 506 sic
675 468 719 506 reli-

42 538 75 588 gio
92 537 129 575 ista
150 538 186 577 luit
207 538 231 576 de
250 537 352 576 Palaestina
370 548 452 586 prorsus
475 536 569 574 eradicata
587 537 649 583 (1)>›.
666 537 718 575 Cum

43 606 110 646 omnia
122 607 162 645 haec
180 606 299 645 monasteria
314 611 360 656 post
375 606 463 656 regulam
479 606 545 649 latam,
560 605 572 644 i.
589 618 607 644 e.
624 611 670 655 post
684 618 719 644 an-

43 687 92 714 num
115 686 165 714 1210
180 676 261 715 lundata
282 676 329 720 sint,
347 681 369 713 ut
388 687 412 713 ex
435 675 510 713 Sanvici
537 675 602 712 verbis
632 680 717 719 constat,

43 744 132 793 fundatio
151 745 188 783 ista
207 746 230 783 ad
248 756 324 783 annum
345 755 394 794 123⁰
410 743 510 781 referenda
524 749 561 781 est.
578 743 654 782 Etenim
676 745 720 782 Hie-

44 814 143 864 rosolyma
165 826 218 852 anno
242 815 290 862 1187
306 825 340 863 per
362 813 476 851 Saladinum
489 818 544 862 capla
559 812 596 850 fuit
613 819 633 851 et
653 813 719 851 omnia

43 883 133 922 instituta
145 884 235 933 religiosa
245 896 255 921 e
264 883 340 921 civitate
351 895 372 921 ac
382 883 430 921 locis
442 881 586 920 circumvicinis
596 884 652 931 pulsa
663 887 718 928 sunt,

44 953 162 991 monasteria
173 964 227 998 vero,
244 957 361 997 conventus,
372 942 457 990 ecclesiae
468 952 542 990 &caut
554 951 617 989 diruta
629 957 663 991 aut
675 964 721 1002 pro-

44 1023 114 1069 fanata,
127 1022 186 1060 unico
195 1021 215 1060 S.
228 1021 336 1071 Sepulchro
348 1026 429 1070 excepto
438 1020 476 1072 (2).
488 1020 522 1058 Die
530 1032 576 1058 vero
589 1022 611 1059 18
621 1021 719 1060 Februarii

47 1102 96 1142 1229
105 1102 153 1140 pace
164 1091 189 1129 ad
197 1091 265 1130 decern
276 1102 340 1129 annos
356 1091 408 1129 inter
424 1090 563 1139 imperatorem
575 1089 693 1129 Fridericum
708 1091 721 1129 ll

44 1166 63 1199 et
75 1160 180 1199 soldanum
197 1160 281 1211 AEgypti
300 1159 360 1198 Malik
371 1158 462 1198 al-Kalmil
473 1159 583 1208 composita
593 1157 624 1210 (3)
636 1160 721 1210 religiosi

45 1241 91 1268 cum
103 1230 172 1269 ceteris
187 1230 303 1269 Christianis
315 1230 474 1280 Hierosolymam
490 1229 552 1267 redire
564 1229 616 1278 passi
629 1235 683 1268 sunt.
699 1230 720 1268 ln

45 1300 156 1348 huncergo
169 1300 199 1338 vel
209 1303 326 1348 sequentem
335 1310 410 1338 annum
422 1298 512 1337 fundatio
521 1302 632 1337 conventus
642 1299 722 1337 Carme-

44 1368 123 1406 litarum
136 1368 227 1417 ponenda
239 1374 282 1416 est;
296 1380 337 1417 quo
349 1380 395 1406 vero
407 1379 460 1406 anno
473 1367 577 1406 derelictus
589 1368 648 1407 fuerit
659 1368 720 1407 habes

45 1448 104 1486 supra
113 1424 134 1475 in
145 1437 222 1476 Sanvici
239 1437 337 1476 relatione.
357 1437 471 1475 Dolendum
488 1442 555 1474 tamen
570 1441 601 1475 est
618 1442 721 1476 auctorem

45 1511 135 1544 nostrum
159 1507 183 1544 de
205 1507 244 1545 situ
267 1512 378 1545 conventus
403 1506 489 1545 tacuisse
512 1517 559 1545 cum
580 1517 616 1544 nec
642 1507 721 1545 aliunde

45 1575 128 1624 quaestio
140 1575 177 1614 ista
190 1576 239 1615 solvi
249 1576 319 1625 possit.
330 1575 350 1613 Si
364 1580 431 1614 tamen
443 1577 473 1613 las
485 1575 510 1613 sit
522 1579 544 1613 ut
555 1579 643 1613 mentem
656 1588 720 1614 meam

44 1649 100 1682 caute
111 1645 204 1693 aperiam,
223 1645 286 1683 dicam
305 1644 352 1683 milri
368 1656 409 1683 non
421 1644 551 1694 improbabile
563 1643 624 1683 videri
637 1656 723 1683 conven-

44 1717 88 1752 tum
107 1724 131 1751 eo
151 1715 194 1752 loco
210 1714 298 1753 extitisse
316 1714 350 1752 ubi
369 1718 414 1752 ante
432 1718 565 1763 conquestum
583 1713 668 1753 civitatis
688 1725 723 1764 per

45 1782 158 1821 Saladinum
178 1783 255 1821 abbatia
272 1784 291 1822 S.
302 1784 367 1822 Annae
379 1795 440 1833 prope
460 1784 538 1821 Portam
550 1794 630 1822 auream
649 1785 719 1822 fuerat.

22 1900 24 1903 v
43 1851 120 1908 ¹Etenim
135 1853 201 1901 plures
219 1852 299 1892 Ordinis
311 1852 374 1891 nostri
387 1852 492 1902 scriptores
503 1852 585 1891 tradunt
597 1864 621 1892 ex
633 1853 720 1903 quodam

45 1921 112 1970 spurio
127 1922 219 1960 chronico
236 1923 327 1961 Romano
342 1922 457 1961 Carmelitas
474 1927 564 1972 tempore
576 1922 723 1971 praedicntionis

45 1989 116 2029 Christi
127 1991 148 2029 in
163 1992 321 2043 Hierosolymam
339 1991 444 2031 accessisse
461 1996 481 2030 et
500 2002 553 2030 anno
570 1992 656 2041 septimo
675 1996 724 2042 post

67 2160 90 2203 (ι)
103 2159 150 2194 Ibid.
160 2162 181 2194 P.
194 2172 232 2203 104,
243 2172 261 2194 nr
270 2161 311 2203 446.

68 2220 88 2263 la]
102 2220 162 2253 Reme
171 2220 192 2254 de
201 2220 278 2254 l’Orient
286 2220 349 2263 Latin,
357 2219 416 2260 Paris,
425 2226 438 2253 t.
446 2220 489 2253 Vlll
497 2219 619 2264 (1900-1901)
629 2221 649 2254 P.
659 2221 700 2263 446.

68 2278 89 2322 (3)
100 2278 207 2323 Roehrlcht‚
218 2279 303 2324 Regem,
314 2280 334 2313 P.
344 2280 385 2322 262,
392 2290 410 2313 n.
420 2290 463 2323 997.
