1616 2703
288 140 311 166 DE
323 138 411 167 onnctno
423 137 515 166 auuatlco
698 139 733 178 301

62 224 156 261 sequaces
176 214 273 263 Evangelii
285 213 353 252 aeterni
373 214 448 256 teritur,
462 214 486 251 ab
504 213 532 251 eis
544 214 568 251 de
587 212 698 262 semetipsis
718 219 737 251 et

61 282 154 321 doctrinis
164 283 205 322 suis
217 296 294 322 necnon
303 285 327 321 de
337 284 430 322 universo
439 283 512 321 Ordine
521 283 620 321 latinorum
630 287 650 320 et
661 283 685 320 de
693 283 737 331 ipso

60 351 80 390 S.
91 352 193 391 Francisco
202 354 348 403 interpretatur.
358 354 409 406 lnter
418 353 481 391 dictos
491 352 606 402 Spirituales
615 353 681 391 locurn
690 364 737 402 prae-

60 422 140 471 cipuum
153 425 285 473 occupabatur
293 424 358 462 Frater
367 423 538 470 Petrusloltannes
547 423 605 467 Olivi,
617 427 675 460 natus
688 434 735 470 1247

60 492 166 531 defunctus
181 496 237 545 1298.
255 494 355 533 Nonnulla
377 494 419 532 loca
431 493 504 532 oraculi
526 493 636 542 specialiter
650 493 674 530 de
693 493 736 541 ipso

60 562 111 600 dicta
123 562 221 609 videntur,
232 576 249 602 e.
265 577 285 614 g.
300 563 409 603 retractatio
422 575 511 601 errorum
523 574 606 601 suorum
619 574 672 601 antro
687 564 735 613 1283

59 633 108 669 facta
126 631 179 670 hisce
190 633 255 672 verbis
275 633 357 683 exprimi
369 633 459 671 videtur:
483 645 494 669 <c
507 632 528 671 Et
539 632 588 671 adeo
608 632 737 671 stimulabant

12 715 18 720 ·
59 701 125 739 Solem
137 702 284 741 delitescentem
297 704 350 742 utin
363 703 469 741 millesimo
486 702 623 741 ducentesimo
644 707 737 751 octuage-

60 771 111 809 simo
120 772 178 810 tertio
188 772 281 812 Kalendis
291 773 379 823 eiusdem
390 773 458 822 sugere
467 773 603 821 compellatur.
614 773 678 817 Quem
689 784 736 810 mox

59 842 149 880 venenati
161 842 195 880 salii
207 848 335 891 assequentes
353 843 502 892 apprehendent
522 846 614 891 potenter
626 842 682 890 quasi
703 853 736 890 per

59 912 145 949 mediam
157 914 239 960 horamJ
261 919 280 951 et
292 913 396 951 inventum
417 924 485 961 specu,
500 912 539 950 imo
549 912 674 950 tricamerato
686 911 734 950 seris

59 982 187 1031 vectibusque
210 983 358 1032 praegrandibus
376 982 499 1020 communito
519 982 570 1019 illico
594 981 735 1030 mancipabunt

57 1051 93 1089 dac.
103 1063 115 1090 s>
124 1050 155 1102 (r)
164 1052 255 1091 Ceterum
267 1064 290 1090 ex
298 1052 383 1090 Historia
393 1051 551 1103 Tribulationum
564 1052 625 1090 babes
638 1063 678 1089 nott
692 1063 735 1090 mo-

58 1121 121 1159 dicam
134 1126 209 1171 partem
221 1122 299 1160 Oraculi
312 1122 335 1159 de
344 1122 409 1160 Fratre
421 1121 472 1160 Olivi
484 1126 574 1159 tractare.

85 1191 178 1229 Attamen
191 1204 234 1229 mea
243 1203 283 1229 non
292 1192 375 1230 interest
386 1191 428 1230 sive
440 1191 498 1229 istam
511 1191 552 1230 sive
561 1191 607 1229 alias
619 1191 735 1241 interpreta-

57 1260 121 1299 tiones
133 1261 218 1310 amplius
233 1261 326 1311 prosequi
335 1274 339 1310 3
348 1261 423 1310 judicet
435 1262 496 1299 lector
517 1272 541 1299 ex
559 1260 583 1299 iis
595 1262 688 1311 quaej'am
704 1272 734 1298 re-

57 1330 124 1369 lationi
135 1331 180 1369 ltuic
191 1331 294 1370 interserui
306 1337 374 1370 utrum
386 1332 424 1369 tale
445 1342 496 1380 opus
509 1330 596 1369 hominis
608 1342 663 1369 sanae
680 1342 734 1369 men-

56 1400 81 1438 tis
91 1401 126 1449 (rte
140 1401 204 1439 dicam
216 1401 291 1451 angeli)
302 1401 386 1450 dignum
399 1401 431 1439 sit.
445 1401 529 1439 Constat
546 1401 655 1439 Oraculum
670 1402 732 1439 unde-

56 1469 94 1508 cim
106 1457 196 1520 capitulis
215 1471 346 1521 longitudinis
362 1471 471 1520 inaequalis,
489 1482 524 1508 seu
542 1471 591 1509 circa
603 1471 732 1510 ter'millibus

56 1540 171 1590 quingentis
178 1541 242 1579 verbis
251 1552 295 1589 quae
302 1541 395 1579 dicuntur
405 1541 482 1579 duabus
492 1540 564 1579 tabulis
579 1541 677 1589 argenteis
688 1541 733 1579 scri-

56 1613 89 1658 pta
101 1610 162 1648 tuisse
169 1622 218 1660 quas
230 1611 313 1660 angelus
325 1610 397 1661 Cyrillo
406 1611 454 1648 dum
471 1610 552 1649 missam
564 1610 670 1649 celebraret
681 1615 733 1649 attu-

56 1679 96 1725 nt(
112 1679 127 1731 ).

78 1795 98 1837 (tl
113 1796 159 1829 ibid.
179 1797 197 1829 P.
219 1797 244 1830 15.
265 1796 293 1830 ef.
315 1796 572 1830 EminentissimiCardinalis
587 1796 731 1839 Hergenroether

55 1854 156 1888 Handhzrclz
164 1856 197 1888 der
203 1856 224 1890 K
226 1856 394 1901 ramengas-caietae,
404 1856 454 1899 1879,
462 1856 475 1894 Ι,
486 1856 526 1899 930.

77 1913 99 1956 (a)
106 1915 151 1947 naae
161 1915 228 1961 tabulae
235 1924 327 1959 argenteae
336 1915 375 1948 sine
385 1915 440 1949 dubio
450 1916 521 1949 tabulas
529 1915 569 1948 illas
578 1915 657 1959 lapideas
665 1915 683 1948 in
694 1926 731 1948 me·

56 1972 132 2006 moriam
144 1982 211 2007 vocant
220 1974 239 2007 itt
248 1975 316 2017 quibus
329 1974 426 2017 decalogus
438 1975 553 2017 conscriptus
565 1983 609 2007 erat.
621 1975 732 2007 Advertatur

55 2040 115 2065 tamen
122 2032 181 2076 legem
193 2033 243 2066 illam
252 2033 271 2066 in
280 2034 358 2077 Vulgata
368 2033 448 2067 editione
458 2034 505 2067 circa
519 2034 553 2067 250
563 2033 623 2066 verbis
640 2042 730 2071 constare,

55 2091 153 2125 Oraculum
164 2103 206 2125 vero
217 2092 359 2136 quatuordecies
368 2102 389 2125 eo
397 2103 474 2125 nurnero
484 2092 568 2136 repetito.
580 2093 618 2125 Nec
628 2092 666 2125 sine
676 2092 731 2125 ratio-

55 2160 77 2182 ne
85 2150 104 2182 in
111 2150 185 2194 antiqua
195 2151 271 2194 legenda
281 2151 365 2185 breviarii
374 2152 431 2193 (anno
441 2151 493 2194 1480)
503 2151 581 2184 dicitur:
593 2164 601 2182 r
609 2153 647 2184 Nec
654 2151 731 2183 dubium

54 2216 80 2241 est
92 2215 163 2242 tantum
176 2210 269 2243 hominem
282 2221 358 2243 summae
371 2210 476 2253 capacitatis
487 2210 564 2243 existere
574 2221 615 2243 cum
629 2218 731 2253 occupatus

55 2266 158 2301 missalibus
171 2268 235 2302 studiis
245 2280 286 2313 quae
296 2269 352 2303 totius
366 2269 447 2302 hominis
461 2270 537 2303 totalem
553 2280 615 2302 curant
628 2268 702 2312 exigunt
712 2276 730 2301 er

54 2326 156 2369 requirnnt,
169 2334 230 2360 tamen
240 2336 289 2361 tanta
299 2335 363 2362 ettam
373 2328 422 2361 varia
434 2336 452 2361 et
464 2336 501 2361 tam
511 2328 585 2361 subtilia
598 2329 616 2361 in
626 2335 663 2360 tarn
676 2338 731 2370 parva

54 2385 125 2418 morula
134 2386 227 2419 memoriae
233 2386 395 2428 commendaverit,
403 2394 476 2431 tamque
483 2386 555 2420 curiose
565 2386 687 2427 descripserit,
695 2396 730 2418 nec

54 2450 75 2473 eo
87 2442 148 2477 minus
160 2444 269 2488 processerit
277 2445 296 2478 in
306 2445 408 2479 ministerio
421 2458 436 2479 v.
