1631 2703
90 128 116 175 3⁴0
344 133 502 163 coustlrunoues

88 213 120 247 tra
144 210 268 248 refectorium
291 209 417 248 comedentes
446 209 547 249 silentium
570 210 651 247 teneant
670 209 763 257 universi,

88 277 153 326 siqui
173 278 204 315 alii
224 278 307 327 religiosi
325 280 355 317 vel
373 279 476 317 saeculares
496 278 536 316 sint
555 283 669 328 praesentes,
683 284 765 327 excepto

91 347 220 395 praesidente;
234 348 305 396 poterit
317 352 383 385 tamen
396 347 480 396 simplex
498 347 606 397 praesidens
618 359 664 386 cum
674 359 716 386 uno
727 348 766 386 ira-

91 421 120 454 tre
137 417 257 465 dispensare,
271 417 323 466 prior
335 417 402 455 localis
414 429 460 455 cum
479 417 565 462 duobus,
579 417 632 466 prior
640 429 688 455 vero
705 428 766 467 gene-

92 485 137 523 ralis
148 491 168 523 et
179 486 303 535 provincialis
313 497 359 524 cum
372 486 466 524 omnibus
477 486 568 525 iratribus
578 486 612 535 qui
629 486 702 524 ibidem
718 491 766 524 sunt

91 555 111 592 in
125 566 194 593 mensa
206 559 228 592 ut
240 556 347 603 loquantur
358 555 401 593 sine
417 555 511 593 conviciis
523 560 543 592 et
557 554 607 606 (Fol.
621 553 654 606 9³)
668 556 765 594 tumultu.

92 635 111 674 3.
122 623 141 662 Si
153 624 198 673 quis
213 629 278 662 autern
291 623 403 663 conviciose
414 625 445 661 vel
457 625 544 662 clamose
556 625 634 662 locutus
645 624 710 669 tuerit,
728 623 745 662 ei
756 636 767 661 a

93 693 210 742 praesidente
219 693 314 732 continuo
331 693 430 732 silentium
442 694 562 743 imponatur,
576 694 614 732 sub
626 705 686 744 poena
701 694 767 744 gravis

92 763 163 811 culpae.
176 773 196 811 4.
209 762 261 800 ldem
273 768 339 801 autem
351 768 370 801 et
385 762 423 801 sub
432 763 500 801 eadem
513 774 573 813 poena
593 763 617 801 de
637 763 727 801 iratribus
747 763 767 801 in

93 832 181 870 absentia
188 843 362 882 quorumcumque
369 828 508 882 extraneorum
516 832 667 871 comedentibus
674 834 768 871 volumus

94 901 199 940 observari.
211 901 296 951 Excepto
308 901 363 950 quod
375 901 471 951 magistri,
484 901 594 946 bachalarii,
604 903 686 940 lectores
696 907 714 940 et
720 911 769 951 prae-

95 970 127 1008 lati
140 970 202 1009 nostri
214 970 297 1015 ordinis,
311 976 330 1008 et
342 970 434 1019 ministri,
447 971 520 1009 talibus
532 970 607 1008 solatiis
623 971 682 1009 libere
691 971 769 1020 possint

94 1040 157 1089 loqui,
170 1040 194 1077 de
206 1040 279 1089 quibus
292 1040 426 1089 supponimus
435 1040 490 1089 quod
502 1051 542 1078 non
552 1040 660 1090 loquantur
669 1040 706 1078 nisi
718 1040 778 1080 licita,

94 1114 113 1147 et
125 1109 216 1147 honesta.
648 1142 650 1144 ,

122 1189 140 1223 5.
152 1178 171 1216 Si
181 1178 225 1227 quis
235 1182 301 1216 autem
313 1178 364 1216 inter
371 1178 528 1228 Completorium
540 1182 560 1216 et
570 1177 655 1216 Primam
668 1178 769 1228 sequentis

95 1247 132 1286 diei
149 1253 217 1285 contra
230 1249 316 1285 formam
329 1249 402 1296 regulae
414 1248 515 1285 silentium
532 1247 618 1297 fregerit,
632 1259 691 1296 poena
703 1247 769 1296 gravis

94 1318 157 1366 culpae
167 1317 229 1367 rigide
238 1317 338 1366 puniatur.

122 1383 141 1425 6.
155 1387 241 1424 Caveant
250 1385 308 1423 etiam
319 1388 386 1424 iratres
398 1386 530 1435 avanlloquio
550 1391 569 1424 et
589 1385 687 1435 praecipue
707 1398 768 1436 prope

95 1455 154 1493 etiam
166 1456 266 1493 ecclesiam
275 1460 294 1493 et
305 1455 326 1493 in
338 1468 367 1494 ea.
376 1455 415 1500 Qui
423 1467 470 1494 vero
482 1456 502 1493 in
514 1457 552 1493 hoc
564 1456 693 1504 reprehensus
704 1456 768 1500 luerit,

95 1536 176 1575 poenam
186 1525 256 1563 mediae
264 1525 327 1573 culpae
339 1525 443 1563 sustineat.
461 1525 480 1563 Si
492 1529 558 1563 autem
572 1524 592 1562 in
605 1524 769 1563 consuetudinem

96 1595 181 1642 duxerit,
193 1606 259 1644 poenae
273 1594 339 1643 gravis
351 1595 413 1643 culpae
425 1594 541 1643 subjacebit.

122 1674 142 1712 7.
155 1663 263 1702 Statuimus
273 1664 339 1709 etiam,
353 1663 407 1712 quod
417 1668 446 1702 est
458 1663 522 1713 pudor
531 1662 600 1707 dicere,
612 1662 666 1712 quod
677 1662 769 1712 quicum-

97 1745 136 1782 que
145 1734 254 1783 juraverint
271 1745 305 1783 per·
317 1733 436 1782 sanguinem
449 1732 521 1772 Christi
532 1734 563 1772 vel
584 1732 626 1782 ejus
638 1733 726 1781 vulnera,
739 1736 773 1771 aut

97 1803 156 1853 hujus
166 1803 238 1842 assueti
257 1802 339 1848 suerint,
352 1814 387 1841 seu
399 1802 464 1852 aliqua
479 1802 544 1853 turpia
556 1802 580 1841 de
591 1801 669 1841 Christo
679 1802 708 1841 vel
729 1801 784 1849 eius·

97 1874 159 1912 Matre
167 1873 311 1922 gloriosissima
322 1878 357 1912 aut
374 1873 398 1911 de
415 1872 491 1912 Sanctis
507 1860 624 1911 nominatim
634 1871 727 1921 jurando,
741 1872 772 1912 vel

98 1942 164 1992 aliquo
176 1943 213 1980 alio
227 1942 287 1980 modo
300 1942 469 1991 praesumpserint,
483 1953 542 1991 poena
557 1941 653 1991 gravioris
665 1942 727 1991 culpae
736 1953 773 1990 pu-

98 2012 183 2057 niantur,
197 2017 217 2050 et
231 2012 247 2051 si
256 2012 279 2050 ab
289 2012 405 2062 hujusmodi
417 2025 428 2050 a
440 2022 569 2061 quocumque
581 2022 664 2049 suorum
684 2011 773 2060 superio-

97 2093 141 2120 rum
161 2081 192 2120 bis
203 2083 234 2120 vel
253 2086 283 2120 ter
295 2081 366 2120 moniti
384 2093 425 2120 non
446 2080 563 2126 destiterint,
577 2081 621 2119 loco
632 2084 651 2118 et
669 2092 717 2119 voce
734 2081 774 2130 pri-

99 2156 170 2190 ventur
181 2163 216 2201 per
228 2151 316 2191 eosdem.
424 2143 426 2146 ¹
599 2139 601 2142 ¹

125 2222 144 2260 8.
157 2221 227 2260 Nullus
239 2220 297 2259 etiam
309 2220 330 2259 in
340 2220 426 2270 capitulo
437 2220 537 2270 loquatur,
551 2219 589 2258 nisi
602 2220 670 2270 culpas
682 2231 728 2258 suas
744 2220 774 2258 di-

97 2291 161 2330 cendo
170 2295 190 2329 et
203 2290 315 2341 praesidenti
332 2290 356 2329 ad
371 2291 492 2339 interrogata
504 2289 648 2339 respondendo,
663 2289 701 2328 sub
713 2279 773 2340 prena

97 2360 162 2411 gravis
174 2361 246 2411 culpae.
