<?xml version="1.0" encoding="UTF-8"?>
<!DOCTYPE html PUBLIC "-//W3C//DTD XHTML 1.0 Transitional//EN"
    "http://www.w3.org/TR/xhtml1/DTD/xhtml1-transitional.dtd">
<html xmlns="http://www.w3.org/1999/xhtml" xml:lang="en" lang="en">
 <head>
  <title>
</title>
<meta http-equiv="Content-Type" content="text/html;charset=utf-8" />
  <meta name='ocr-system' content='tesseract 3.04.00' />
  <meta name='ocr-capabilities' content='ocr_page ocr_carea ocr_par ocr_line ocrx_word'/>
</head>
<body>
  <div class='ocr_page' id='page_1' title='image "MN5087ucmf_2_0152.png"; bbox 0 0 1631 2703; ppageno 0'>
   <div class='ocr_carea' id='block_1_1' title="bbox 78 84 469 134">
    <p class='ocr_par' dir='ltr' id='par_1_1' title="bbox 78 84 469 134">
     <span class='ocr_line' id='line_1_1' title="bbox 78 84 469 134; baseline 0.003 -12"><span class='ocrx_word' id='word_1_1' title='bbox 78 84 114 134; x_wconf 74' lang='lat'>136</span> <span class='ocrx_word' id='word_1_2' title='bbox 346 95 395 124; x_wconf 72' lang='lat' dir='ltr'>acri</span> <span class='ocrx_word' id='word_1_3' title='bbox 409 94 469 123; x_wconf 76' lang='lat' dir='ltr'>carrr.</span> 
     </span>
    </p>
   </div>
   <div class='ocr_carea' id='block_1_2' title="bbox 73 164 750 1100">
    <p class='ocr_par' dir='ltr' id='par_1_2' title="bbox 73 164 750 426">
     <span class='ocr_line' id='line_1_2' title="bbox 74 164 750 220; baseline -0.003 -13"><span class='ocrx_word' id='word_1_4' title='bbox 74 170 123 207; x_wconf 86' lang='lat' dir='ltr'>intra</span> <span class='ocrx_word' id='word_1_5' title='bbox 137 170 234 215; x_wconf 84' lang='lat' dir='ltr'>ordinem,</span> <span class='ocrx_word' id='word_1_6' title='bbox 253 172 284 209; x_wconf 90' lang='lat' dir='ltr'>vel</span> <span class='ocrx_word' id='word_1_7' title='bbox 296 171 385 209; x_wconf 79' lang='lat' dir='ltr'>haeretica</span> <span class='ocrx_word' id='word_1_8' title='bbox 400 164 493 220; x_wconf 72' lang='lat' dir='ltr'>pravitate</span> <span class='ocrx_word' id='word_1_9' title='bbox 509 168 593 207; x_wconf 86' lang='lat' dir='ltr'>convicti</span> <span class='ocrx_word' id='word_1_10' title='bbox 609 168 688 213; x_wconf 79' lang='lat' dir='ltr'>tuerint,</span> <span class='ocrx_word' id='word_1_11' title='bbox 707 179 750 208; x_wconf 87' lang='lat' dir='ltr'>seu</span> 
     </span>
     <span class='ocr_line' id='line_1_3' title="bbox 73 237 740 289; baseline 0 -13"><span class='ocrx_word' id='word_1_12' title='bbox 73 239 263 287; x_wconf 84' lang='lat' dir='ltr'>aliterprobablliter</span> <span class='ocrx_word' id='word_1_13' title='bbox 275 241 368 289; x_wconf 84' lang='lat' dir='ltr'>suspecti,</span> <span class='ocrx_word' id='word_1_14' title='bbox 386 239 422 278; x_wconf 87' lang='lat' dir='ltr'>nisi</span> <span class='ocrx_word' id='word_1_15' title='bbox 432 239 516 289; x_wconf 79' lang='lat' dir='ltr'>legitime</span> <span class='ocrx_word' id='word_1_16' title='bbox 531 248 613 286; x_wconf 84' lang='lat' dir='ltr'>purgare</span> <span class='ocrx_word' id='word_1_17' title='bbox 622 248 642 276; x_wconf 90' lang='lat' dir='ltr'>se</span> <span class='ocrx_word' id='word_1_18' title='bbox 655 237 740 287; x_wconf 84' lang='lat' dir='ltr'>possint,</span> 
     </span>
     <span class='ocr_line' id='line_1_4' title="bbox 74 306 744 354; baseline 0 -9"><span class='ocrx_word' id='word_1_19' title='bbox 74 318 151 345; x_wconf 90' lang='lat' dir='ltr'>necnon</span> <span class='ocrx_word' id='word_1_20' title='bbox 163 312 182 345; x_wconf 89' lang='lat' dir='ltr'>et</span> <span class='ocrx_word' id='word_1_21' title='bbox 194 319 261 346; x_wconf 87' lang='lat' dir='ltr'>eorum</span> <span class='ocrx_word' id='word_1_22' title='bbox 274 310 392 354; x_wconf 82' lang='lat' dir='ltr'>defensores,</span> <span class='ocrx_word' id='word_1_23' title='bbox 410 307 521 351; x_wconf 90' lang='lat' dir='ltr'>consilium,</span> <span class='ocrx_word' id='word_1_24' title='bbox 537 306 632 345; x_wconf 82' lang='lat' dir='ltr'>auxilium</span> <span class='ocrx_word' id='word_1_25' title='bbox 642 307 671 344; x_wconf 90' lang='lat' dir='ltr'>vel</span> <span class='ocrx_word' id='word_1_26' title='bbox 687 306 744 345; x_wconf 56' lang='lat' dir='ltr'>lavo-1</span> 
     </span>
     <span class='ocr_line' id='line_1_5' title="bbox 76 377 571 426; baseline 0.002 -12"><span class='ocrx_word' id='word_1_27' title='bbox 76 388 117 415; x_wconf 89' lang='lat' dir='ltr'>rem</span> <span class='ocrx_word' id='word_1_28' title='bbox 129 377 239 426; x_wconf 82' lang='lat' dir='ltr'>praebentes</span> <span class='ocrx_word' id='word_1_29' title='bbox 251 378 332 425; x_wconf 85' lang='lat' dir='ltr'>eisdem,</span> <span class='ocrx_word' id='word_1_30' title='bbox 345 378 415 416; x_wconf 89' lang='lat' dir='ltr'>carceri</span> <span class='ocrx_word' id='word_1_31' title='bbox 428 377 571 426; x_wconf 80' lang='lat' dir='ltr'>mancipentur.</span> 
     </span>
    </p>

    <p class='ocr_par' dir='ltr' id='par_1_3' title="bbox 76 445 747 1100">
     <span class='ocr_line' id='line_1_6' title="bbox 102 445 741 496; baseline 0 -12"><span class='ocrx_word' id='word_1_32' title='bbox 102 447 149 484; x_wconf 90' lang='lat' dir='ltr'>ltem</span> <span class='ocrx_word' id='word_1_33' title='bbox 162 447 267 485; x_wconf 81' lang='lat' dir='ltr'>statuimus</span> <span class='ocrx_word' id='word_1_34' title='bbox 279 448 332 495; x_wconf 84' lang='lat' dir='ltr'>quod</span> <span class='ocrx_word' id='word_1_35' title='bbox 344 447 359 485; x_wconf 89' lang='lat' dir='ltr'>si</span> <span class='ocrx_word' id='word_1_36' title='bbox 372 446 416 496; x_wconf 87' lang='lat' dir='ltr'>quis</span> <span class='ocrx_word' id='word_1_37' title='bbox 429 447 447 484; x_wconf 89' lang='lat' dir='ltr'>in</span> <span class='ocrx_word' id='word_1_38' title='bbox 462 445 556 495; x_wconf 82' lang='lat' dir='ltr'>gravibus</span> <span class='ocrx_word' id='word_1_39' title='bbox 568 455 603 483; x_wconf 91' lang='lat' dir='ltr'>seu</span> <span class='ocrx_word' id='word_1_40' title='bbox 621 445 741 484; x_wconf 89' lang='lat' dir='ltr'>notabilibus</span> 
     </span>
     <span class='ocr_line' id='line_1_7' title="bbox 76 514 741 563; baseline 0 -10"><span class='ocrx_word' id='word_1_41' title='bbox 76 526 110 553; x_wconf 92' lang='lat' dir='ltr'>seu</span> <span class='ocrx_word' id='word_1_42' title='bbox 122 516 171 553; x_wconf 82' lang='lat' dir='ltr'>tarso</span> <span class='ocrx_word' id='word_1_43' title='bbox 186 515 300 553; x_wconf 82' lang='lat' dir='ltr'>testimonio</span> <span class='ocrx_word' id='word_1_44' title='bbox 316 521 383 553; x_wconf 85' lang='lat' dir='ltr'>contra</span> <span class='ocrx_word' id='word_1_45' title='bbox 401 515 476 563; x_wconf 86' lang='lat' dir='ltr'>aliquos</span> <span class='ocrx_word' id='word_1_46' title='bbox 493 514 523 552; x_wconf 94' lang='lat' dir='ltr'>vel</span> <span class='ocrx_word' id='word_1_47' title='bbox 535 514 620 563; x_wconf 79' lang='lat' dir='ltr'>aliquem</span> <span class='ocrx_word' id='word_1_48' title='bbox 638 514 741 553; x_wconf 90' lang='lat' dir='ltr'>convictus</span> 
     </span>
     <span class='ocr_line' id='line_1_8' title="bbox 76 579 742 633; baseline -0.002 -12"><span class='ocrx_word' id='word_1_49' title='bbox 76 584 140 631; x_wconf 87' lang='lat' dir='ltr'>fuerit,</span> <span class='ocrx_word' id='word_1_50' title='bbox 159 589 228 633; x_wconf 86' lang='lat' dir='ltr'>praeter</span> <span class='ocrx_word' id='word_1_51' title='bbox 240 596 319 633; x_wconf 88' lang='lat' dir='ltr'>poenam</span> <span class='ocrx_word' id='word_1_52' title='bbox 334 585 411 622; x_wconf 86' lang='lat' dir='ltr'>talionis</span> <span class='ocrx_word' id='word_1_53' title='bbox 429 584 465 622; x_wconf 93' lang='lat' dir='ltr'>sibi</span> <span class='ocrx_word' id='word_1_54' title='bbox 482 583 575 629; x_wconf 86' lang='lat' dir='ltr'>debitam,</span> <span class='ocrx_word' id='word_1_55' title='bbox 593 583 605 621; x_wconf 93' lang='lat' dir='ltr'>i.</span> <span class='ocrx_word' id='word_1_56' title='bbox 626 595 644 620; x_wconf 90' lang='lat' dir='ltr'>e.</span> <span class='ocrx_word' id='word_1_57' title='bbox 662 579 742 632; x_wconf 79' lang='lat' dir='ltr'>poenam</span> 
     </span>
     <span class='ocr_line' id='line_1_9' title="bbox 77 638 743 701; baseline -0.003 -10"><span class='ocrx_word' id='word_1_58' title='bbox 77 664 136 701; x_wconf 82' lang='lat' dir='ltr'>quam</span> <span class='ocrx_word' id='word_1_59' title='bbox 151 638 251 691; x_wconf 88' lang='lat' dir='ltr'>accusatus</span> <span class='ocrx_word' id='word_1_60' title='bbox 266 652 340 691; x_wconf 89' lang='lat' dir='ltr'>subiret</span> <span class='ocrx_word' id='word_1_61' title='bbox 352 653 367 690; x_wconf 93' lang='lat' dir='ltr'>si</span> <span class='ocrx_word' id='word_1_62' title='bbox 382 657 434 691; x_wconf 80' lang='lat' dir='ltr'>esset</span> <span class='ocrx_word' id='word_1_63' title='bbox 447 652 558 696; x_wconf 89' lang='lat' dir='ltr'>convictus,</span> <span class='ocrx_word' id='word_1_64' title='bbox 571 651 706 699; x_wconf 80' lang='lat' dir='ltr'>poenitentiam</span> <span class='ocrx_word' id='word_1_65' title='bbox 719 652 743 689; x_wconf 90' lang='lat' dir='ltr'>ad</span> 
     </span>
     <span class='ocr_line' id='line_1_10' title="bbox 78 715 745 770; baseline 0 -12"><span class='ocrx_word' id='word_1_66' title='bbox 78 726 154 770; x_wconf 86' lang='lat' dir='ltr'>portam</span> <span class='ocrx_word' id='word_1_67' title='bbox 167 721 277 758; x_wconf 86' lang='lat' dir='ltr'>totdiebus</span> <span class='ocrx_word' id='word_1_68' title='bbox 289 721 344 759; x_wconf 82' lang='lat' dir='ltr'>iaciat</span> <span class='ocrx_word' id='word_1_69' title='bbox 356 725 406 769; x_wconf 88' lang='lat' dir='ltr'>quot</span> <span class='ocrx_word' id='word_1_70' title='bbox 416 721 459 769; x_wconf 77' lang='lat' dir='ltr'>eius</span> <span class='ocrx_word' id='word_1_71' title='bbox 471 720 565 769; x_wconf 82' lang='lat' dir='ltr'>superiori</span> <span class='ocrx_word' id='word_1_72' title='bbox 577 719 674 757; x_wconf 91' lang='lat' dir='ltr'>videbitur</span> <span class='ocrx_word' id='word_1_73' title='bbox 686 715 745 769; x_wconf 83' lang='lat' dir='ltr'>eripe·</span> 
     </span>
     <span class='ocr_line' id='line_1_11' title="bbox 78 788 744 838; baseline 0.002 -12"><span class='ocrx_word' id='word_1_74' title='bbox 78 790 131 837; x_wconf 89' lang='lat' dir='ltr'>dire;</span> <span class='ocrx_word' id='word_1_75' title='bbox 141 798 200 838; x_wconf 90' lang='lat' dir='ltr'>quam</span> <span class='ocrx_word' id='word_1_76' title='bbox 211 789 346 838; x_wconf 84' lang='lat' dir='ltr'>poenitentiam</span> <span class='ocrx_word' id='word_1_77' title='bbox 355 789 409 826; x_wconf 82' lang='lat' dir='ltr'>faciet</span> <span class='ocrx_word' id='word_1_78' title='bbox 422 800 455 837; x_wconf 89' lang='lat' dir='ltr'>per</span> <span class='ocrx_word' id='word_1_79' title='bbox 465 789 517 826; x_wconf 88' lang='lat' dir='ltr'>bunc</span> <span class='ocrx_word' id='word_1_80' title='bbox 527 788 609 826; x_wconf 92' lang='lat' dir='ltr'>modum</span> <span class='ocrx_word' id='word_1_81' title='bbox 618 799 623 826; x_wconf 76' lang='lat' dir='ltr'>t</span> <span class='ocrx_word' id='word_1_82' title='bbox 632 788 674 826; x_wconf 92' lang='lat' dir='ltr'>sine</span> <span class='ocrx_word' id='word_1_83' title='bbox 683 799 744 837; x_wconf 84' lang='lat' dir='ltr'>cappa</span> 
     </span>
     <span class='ocr_line' id='line_1_12' title="bbox 78 857 745 906; baseline 0 -11"><span class='ocrx_word' id='word_1_84' title='bbox 78 858 143 895; x_wconf 85' lang='lat' dir='ltr'>sedeat</span> <span class='ocrx_word' id='word_1_85' title='bbox 155 868 214 906; x_wconf 89' lang='lat' dir='ltr'>super</span> <span class='ocrx_word' id='word_1_86' title='bbox 224 862 295 895; x_wconf 88' lang='lat' dir='ltr'>terram</span> <span class='ocrx_word' id='word_1_87' title='bbox 305 857 386 896; x_wconf 93' lang='lat' dir='ltr'>indutus</span> <span class='ocrx_word' id='word_1_88' title='bbox 398 858 462 905; x_wconf 86' lang='lat' dir='ltr'>aliquo</span> <span class='ocrx_word' id='word_1_89' title='bbox 474 857 569 906; x_wconf 86' lang='lat' dir='ltr'>scapulari</span> <span class='ocrx_word' id='word_1_90' title='bbox 581 868 640 906; x_wconf 89' lang='lat' dir='ltr'>super</span> <span class='ocrx_word' id='word_1_91' title='bbox 649 857 703 905; x_wconf 84' lang='lat' dir='ltr'>quod</span> <span class='ocrx_word' id='word_1_92' title='bbox 715 858 745 895; x_wconf 86' lang='lat' dir='ltr'>Xll</span> 
     </span>
     <span class='ocr_line' id='line_1_13' title="bbox 78 926 745 975; baseline 0.001 -12"><span class='ocrx_word' id='word_1_93' title='bbox 78 926 151 975; x_wconf 81' lang='lat' dir='ltr'>linguae</span> <span class='ocrx_word' id='word_1_94' title='bbox 159 931 206 962; x_wconf 88' lang='lat' dir='ltr'>ante</span> <span class='ocrx_word' id='word_1_95' title='bbox 215 930 233 962; x_wconf 89' lang='lat' dir='ltr'>et</span> <span class='ocrx_word' id='word_1_96' title='bbox 245 932 295 963; x_wconf 90' lang='lat' dir='ltr'>retro</span> <span class='ocrx_word' id='word_1_97' title='bbox 304 926 328 962; x_wconf 92' lang='lat' dir='ltr'>de</span> <span class='ocrx_word' id='word_1_98' title='bbox 340 937 404 974; x_wconf 89' lang='lat' dir='ltr'>panno</span> <span class='ocrx_word' id='word_1_99' title='bbox 417 927 477 963; x_wconf 90' lang='lat' dir='ltr'>rubeo</span> <span class='ocrx_word' id='word_1_100' title='bbox 489 930 617 970; x_wconf 88' lang='lat' dir='ltr'>consuantur,</span> <span class='ocrx_word' id='word_1_101' title='bbox 631 927 651 962; x_wconf 93' lang='lat' dir='ltr'>in</span> <span class='ocrx_word' id='word_1_102' title='bbox 665 926 745 974; x_wconf 83' lang='lat' dir='ltr'>signum</span> 
     </span>
     <span class='ocr_line' id='line_1_14' title="bbox 79 992 747 1043; baseline 0.003 -13"><span class='ocrx_word' id='word_1_103' title='bbox 79 992 151 1043; x_wconf 85' lang='lat' dir='ltr'>(quod)</span> <span class='ocrx_word' id='word_1_104' title='bbox 164 999 242 1042; x_wconf 83' lang='lat' dir='ltr'>propter</span> <span class='ocrx_word' id='word_1_105' title='bbox 258 994 329 1042; x_wconf 80' lang='lat' dir='ltr'>linguae</span> <span class='ocrx_word' id='word_1_106' title='bbox 340 1004 381 1032; x_wconf 84' lang='lat' dir='ltr'>suae</span> <span class='ocrx_word' id='word_1_107' title='bbox 394 1004 488 1043; x_wconf 82' lang='lat' dir='ltr'>magnum</span> <span class='ocrx_word' id='word_1_108' title='bbox 501 993 571 1032; x_wconf 91' lang='lat' dir='ltr'>vitium</span> <span class='ocrx_word' id='word_1_109' title='bbox 585 993 612 1031; x_wconf 89' lang='lat' dir='ltr'>sic</span> <span class='ocrx_word' id='word_1_110' title='bbox 624 993 693 1038; x_wconf 79' lang='lat' dir='ltr'>debeat</span> <span class='ocrx_word' id='word_1_111' title='bbox 704 1006 747 1043; x_wconf 84' lang='lat' dir='ltr'>poe-</span> 
     </span>
     <span class='ocr_line' id='line_1_15' title="bbox 80 1062 148 1100; baseline 0 0"><span class='ocrx_word' id='word_1_112' title='bbox 80 1062 148 1100; x_wconf 87' lang='lat' dir='ltr'>nitere.</span> 
     </span>
    </p>
   </div>
   <div class='ocr_carea' id='block_1_3' title="bbox 80 1130 750 1318">
    <p class='ocr_par' dir='ltr' id='par_1_4' title="bbox 80 1130 750 1318">
     <span class='ocr_line' id='line_1_16' title="bbox 106 1130 747 1179; baseline 0 -11"><span class='ocrx_word' id='word_1_113' title='bbox 106 1132 152 1168; x_wconf 92' lang='lat' dir='ltr'>ltem</span> <span class='ocrx_word' id='word_1_114' title='bbox 165 1130 247 1168; x_wconf 76' lang='lat' dir='ltr'>Robrica</span> <span class='ocrx_word' id='word_1_115' title='bbox 262 1131 337 1168; x_wconf 80' lang='lat' dir='ltr'>xxxvi</span> <span class='ocrx_word' id='word_1_116' title='bbox 350 1131 374 1168; x_wconf 88' lang='lat' dir='ltr'>de</span> <span class='ocrx_word' id='word_1_117' title='bbox 384 1130 550 1179; x_wconf 83' lang='lat' dir='ltr'>conspiratoribus</span> <span class='ocrx_word' id='word_1_118' title='bbox 566 1130 584 1168; x_wconf 89' lang='lat' dir='ltr'>in</span> <span class='ocrx_word' id='word_1_119' title='bbox 603 1131 642 1168; x_wconf 85' lang='lat' dir='ltr'>tine</span> <span class='ocrx_word' id='word_1_120' title='bbox 659 1130 747 1169; x_wconf 84' lang='lat' dir='ltr'>Rubricae</span> 
     </span>
     <span class='ocr_line' id='line_1_17' title="bbox 80 1198 750 1248; baseline 0.003 -13"><span class='ocrx_word' id='word_1_121' title='bbox 80 1198 161 1238; x_wconf 83' lang='lat' dir='ltr'>addatur</span> <span class='ocrx_word' id='word_1_122' title='bbox 172 1210 176 1236; x_wconf 92' lang='lat'>:</span> <span class='ocrx_word' id='word_1_123' title='bbox 187 1199 233 1236; x_wconf 92' lang='lat' dir='ltr'>ltem</span> <span class='ocrx_word' id='word_1_124' title='bbox 250 1199 356 1237; x_wconf 84' lang='lat' dir='ltr'>statuimus</span> <span class='ocrx_word' id='word_1_125' title='bbox 368 1199 421 1248; x_wconf 87' lang='lat' dir='ltr'>quod</span> <span class='ocrx_word' id='word_1_126' title='bbox 433 1199 448 1237; x_wconf 91' lang='lat' dir='ltr'>si</span> <span class='ocrx_word' id='word_1_127' title='bbox 464 1199 568 1247; x_wconf 83' lang='lat' dir='ltr'>quisquam</span> <span class='ocrx_word' id='word_1_128' title='bbox 584 1199 603 1236; x_wconf 88' lang='lat' dir='ltr'>in</span> <span class='ocrx_word' id='word_1_129' title='bbox 618 1198 703 1247; x_wconf 83' lang='lat' dir='ltr'>capitulo</span> <span class='ocrx_word' id='word_1_130' title='bbox 717 1211 750 1237; x_wconf 81' lang='lat' dir='ltr'>ac-</span> 
     </span>
     <span class='ocr_line' id='line_1_18' title="bbox 80 1267 750 1318; baseline 0 -13"><span class='ocrx_word' id='word_1_131' title='bbox 80 1272 159 1305; x_wconf 91' lang='lat' dir='ltr'>cusatus</span> <span class='ocrx_word' id='word_1_132' title='bbox 176 1268 224 1313; x_wconf 86' lang='lat' dir='ltr'>(Fol.</span> <span class='ocrx_word' id='word_1_133' title='bbox 245 1272 291 1315; x_wconf 78' lang='lat' dir='ltr'>45a)</span> <span class='ocrx_word' id='word_1_134' title='bbox 310 1267 368 1305; x_wconf 87' lang='lat' dir='ltr'>tuerit</span> <span class='ocrx_word' id='word_1_135' title='bbox 386 1272 405 1305; x_wconf 87' lang='lat' dir='ltr'>et</span> <span class='ocrx_word' id='word_1_136' title='bbox 416 1267 432 1305; x_wconf 89' lang='lat' dir='ltr'>si</span> <span class='ocrx_word' id='word_1_137' title='bbox 444 1267 493 1305; x_wconf 91' lang='lat' dir='ltr'>alius</span> <span class='ocrx_word' id='word_1_138' title='bbox 510 1278 569 1315; x_wconf 86' lang='lat' dir='ltr'>quam</span> <span class='ocrx_word' id='word_1_139' title='bbox 585 1272 688 1305; x_wconf 87' lang='lat' dir='ltr'>accusatus</span> <span class='ocrx_word' id='word_1_140' title='bbox 705 1267 750 1318; x_wconf 44' lang='lat' dir='ltr'>(acm</span> 
     </span>
    </p>
   </div>
   <div class='ocr_carea' id='block_1_4' title="bbox 80 1334 753 2407">
    <p class='ocr_par' dir='ltr' id='par_1_5' title="bbox 80 1334 753 2407">
     <span class='ocr_line' id='line_1_19' title="bbox 80 1334 750 1386; baseline 0 -13"><span class='ocrx_word' id='word_1_141' title='bbox 80 1334 161 1386; x_wconf 85' lang='lat' dir='ltr'>cusans)</span> <span class='ocrx_word' id='word_1_142' title='bbox 189 1336 330 1378; x_wconf 85' lang='lat' dir='ltr'>acclamrverit,</span> <span class='ocrx_word' id='word_1_143' title='bbox 355 1337 432 1384; x_wconf 81' lang='lat' dir='ltr'>culpam</span> <span class='ocrx_word' id='word_1_144' title='bbox 458 1335 542 1373; x_wconf 77' lang='lat' dir='ltr'>accusati</span> <span class='ocrx_word' id='word_1_145' title='bbox 569 1336 694 1384; x_wconf 83' lang='lat' dir='ltr'>aggravando</span> <span class='ocrx_word' id='word_1_146' title='bbox 715 1336 750 1378; x_wconf 87' lang='lat' dir='ltr'>vel.</span> 
     </span>
     <span class='ocr_line' id='line_1_20' title="bbox 80 1403 751 1456; baseline 0.001 -16"><span class='ocrx_word' id='word_1_147' title='bbox 80 1403 208 1441; x_wconf 83' lang='lat' dir='ltr'>diminuendo</span> <span class='ocrx_word' id='word_1_148' title='bbox 225 1414 261 1441; x_wconf 79' lang='lat' dir='ltr'>seu</span> <span class='ocrx_word' id='word_1_149' title='bbox 274 1405 305 1441; x_wconf 85' lang='lat' dir='ltr'>vel</span> <span class='ocrx_word' id='word_1_150' title='bbox 322 1404 394 1456; x_wconf 81' lang='lat' dir='ltr'>ibidem</span> <span class='ocrx_word' id='word_1_151' title='bbox 411 1405 478 1441; x_wconf 82' lang='lat' dir='ltr'>tratres</span> <span class='ocrx_word' id='word_1_152' title='bbox 498 1403 587 1441; x_wconf 90' lang='lat' dir='ltr'>nominet</span> <span class='ocrx_word' id='word_1_153' title='bbox 596 1409 629 1441; x_wconf 91' lang='lat' dir='ltr'>aut</span> <span class='ocrx_word' id='word_1_154' title='bbox 643 1405 714 1441; x_wconf 87' lang='lat' dir='ltr'>excitet</span> <span class='ocrx_word' id='word_1_155' title='bbox 726 1408 751 1442; x_wconf 83' lang='lat' dir='ltr'>ut·</span> 
     </span>
     <span class='ocr_line' id='line_1_21' title="bbox 80 1471 750 1521; baseline 0.003 -12"><span class='ocrx_word' id='word_1_156' title='bbox 80 1473 143 1520; x_wconf 88' lang='lat' dir='ltr'>culpae</span> <span class='ocrx_word' id='word_1_157' title='bbox 152 1472 281 1509; x_wconf 79' lang='lat' dir='ltr'>testificentur</span> <span class='ocrx_word' id='word_1_158' title='bbox 292 1473 323 1509; x_wconf 88' lang='lat' dir='ltr'>vel</span> <span class='ocrx_word' id='word_1_159' title='bbox 335 1472 426 1510; x_wconf 86' lang='lat' dir='ltr'>timorem</span> <span class='ocrx_word' id='word_1_160' title='bbox 440 1472 530 1510; x_wconf 84' lang='lat' dir='ltr'>iratribus</span> <span class='ocrx_word' id='word_1_161' title='bbox 545 1471 616 1521; x_wconf 80' lang='lat' dir='ltr'>injiciat</span> <span class='ocrx_word' id='word_1_162' title='bbox 628 1483 653 1509; x_wconf 90' lang='lat' dir='ltr'>ne</span> <span class='ocrx_word' id='word_1_163' title='bbox 665 1483 698 1521; x_wconf 93' lang='lat' dir='ltr'>per</span> <span class='ocrx_word' id='word_1_164' title='bbox 712 1483 750 1511; x_wconf 83' lang='lat' dir='ltr'>eos</span> 
     </span>
     <span class='ocr_line' id='line_1_22' title="bbox 81 1539 747 1589; baseline 0.003 -12"><span class='ocrx_word' id='word_1_165' title='bbox 81 1541 137 1587; x_wconf 89' lang='lat' dir='ltr'>culpa</span> <span class='ocrx_word' id='word_1_166' title='bbox 145 1541 250 1577; x_wconf 81' lang='lat' dir='ltr'>commissa</span> <span class='ocrx_word' id='word_1_167' title='bbox 261 1540 353 1588; x_wconf 79' lang='lat' dir='ltr'>probetur</span> <span class='ocrx_word' id='word_1_168' title='bbox 365 1552 399 1588; x_wconf 86' lang='lat' dir='ltr'>per</span> <span class='ocrx_word' id='word_1_169' title='bbox 407 1540 533 1588; x_wconf 76' lang='lat' dir='ltr'>praesidentes</span> <span class='ocrx_word' id='word_1_170' title='bbox 542 1539 623 1577; x_wconf 89' lang='lat' dir='ltr'>minime</span> <span class='ocrx_word' id='word_1_171' title='bbox 634 1540 747 1589; x_wconf 88' lang='lat' dir='ltr'>requisitus,</span> 
     </span>
     <span class='ocr_line' id='line_1_23' title="bbox 82 1608 749 1658; baseline 0.001 -12"><span class='ocrx_word' id='word_1_172' title='bbox 82 1608 125 1657; x_wconf 90' lang='lat' dir='ltr'>ipso</span> <span class='ocrx_word' id='word_1_173' title='bbox 140 1610 189 1646; x_wconf 85' lang='lat' dir='ltr'>lacto</span> <span class='ocrx_word' id='word_1_174' title='bbox 209 1609 332 1657; x_wconf 84' lang='lat' dir='ltr'>conspirator</span> <span class='ocrx_word' id='word_1_175' title='bbox 348 1609 372 1646; x_wconf 91' lang='lat' dir='ltr'>ab</span> <span class='ocrx_word' id='word_1_176' title='bbox 391 1609 485 1647; x_wconf 90' lang='lat' dir='ltr'>omnibus</span> <span class='ocrx_word' id='word_1_177' title='bbox 506 1613 605 1656; x_wconf 88' lang='lat' dir='ltr'>reputetur</span> <span class='ocrx_word' id='word_1_178' title='bbox 621 1613 640 1646; x_wconf 87' lang='lat' dir='ltr'>et</span> <span class='ocrx_word' id='word_1_179' title='bbox 658 1609 749 1658; x_wconf 84' lang='lat' dir='ltr'>puniatur</span> 
     </span>
     <span class='ocr_line' id='line_1_24' title="bbox 83 1676 749 1726; baseline 0.002 -11"><span class='ocrx_word' id='word_1_180' title='bbox 83 1688 141 1725; x_wconf 85' lang='lat' dir='ltr'>poena</span> <span class='ocrx_word' id='word_1_181' title='bbox 152 1677 318 1725; x_wconf 85' lang='lat' dir='ltr'>conspiratoribus</span> <span class='ocrx_word' id='word_1_182' title='bbox 328 1677 439 1726; x_wconf 81' lang='lat' dir='ltr'>infligenda.</span> <span class='ocrx_word' id='word_1_183' title='bbox 453 1676 472 1714; x_wconf 88' lang='lat' dir='ltr'>Si</span> <span class='ocrx_word' id='word_1_184' title='bbox 484 1676 529 1725; x_wconf 89' lang='lat' dir='ltr'>quis</span> <span class='ocrx_word' id='word_1_185' title='bbox 538 1677 596 1714; x_wconf 87' lang='lat' dir='ltr'>etiam</span> <span class='ocrx_word' id='word_1_186' title='bbox 608 1677 709 1715; x_wconf 82' lang='lat' dir='ltr'>convictus</span> <span class='ocrx_word' id='word_1_187' title='bbox 720 1679 749 1716; x_wconf 60' lang='lat' dir='ltr'>tuss</span> 
     </span>
     <span class='ocr_line' id='line_1_25' title="bbox 83 1745 750 1794; baseline 0.001 -12"><span class='ocrx_word' id='word_1_188' title='bbox 83 1745 119 1782; x_wconf 94' lang='lat' dir='ltr'>erit</span> <span class='ocrx_word' id='word_1_189' title='bbox 126 1745 179 1793; x_wconf 89' lang='lat' dir='ltr'>quod</span> <span class='ocrx_word' id='word_1_190' title='bbox 188 1745 211 1782; x_wconf 86' lang='lat' dir='ltr'>de</span> <span class='ocrx_word' id='word_1_191' title='bbox 226 1747 305 1793; x_wconf 87' lang='lat' dir='ltr'>praelato</span> <span class='ocrx_word' id='word_1_192' title='bbox 320 1746 350 1783; x_wconf 94' lang='lat' dir='ltr'>vel</span> <span class='ocrx_word' id='word_1_193' title='bbox 365 1746 449 1794; x_wconf 83' lang='lat' dir='ltr'>praelatis</span> <span class='ocrx_word' id='word_1_194' title='bbox 464 1745 540 1783; x_wconf 87' lang='lat' dir='ltr'>nostris</span> <span class='ocrx_word' id='word_1_195' title='bbox 557 1751 590 1783; x_wconf 93' lang='lat' dir='ltr'>aut</span> <span class='ocrx_word' id='word_1_196' title='bbox 603 1746 703 1794; x_wconf 88' lang='lat' dir='ltr'>superiore</span> <span class='ocrx_word' id='word_1_197' title='bbox 719 1746 750 1785; x_wconf 83' lang='lat' dir='ltr'>vel</span> 
     </span>
     <span class='ocr_line' id='line_1_26' title="bbox 85 1799 750 1864; baseline 0.002 -13"><span class='ocrx_word' id='word_1_198' title='bbox 85 1813 216 1862; x_wconf 86' lang='lat' dir='ltr'>superioribus</span> <span class='ocrx_word' id='word_1_199' title='bbox 231 1813 300 1850; x_wconf 85' lang='lat' dir='ltr'>dixerit</span> <span class='ocrx_word' id='word_1_200' title='bbox 313 1814 452 1851; x_wconf 88' lang='lat' dir='ltr'>comminando</span> <span class='ocrx_word' id='word_1_201' title='bbox 461 1824 473 1864; x_wconf 64' lang='lat'>3&gt;</span> <span class='ocrx_word' id='word_1_202' title='bbox 481 1812 517 1850; x_wconf 87' lang='lat' dir='ltr'>nisi</span> <span class='ocrx_word' id='word_1_203' title='bbox 527 1813 558 1849; x_wconf 92' lang='lat' dir='ltr'>ille</span> <span class='ocrx_word' id='word_1_204' title='bbox 566 1814 596 1849; x_wconf 93' lang='lat' dir='ltr'>vel</span> <span class='ocrx_word' id='word_1_205' title='bbox 607 1813 633 1850; x_wconf 91' lang='lat' dir='ltr'>illi</span> <span class='ocrx_word' id='word_1_206' title='bbox 644 1814 668 1851; x_wconf 93' lang='lat' dir='ltr'>ab</span> <span class='ocrx_word' id='word_1_207' title='bbox 682 1799 750 1852; x_wconf 82' lang='lat' dir='ltr'>officiis</span> 
     </span>
     <span class='ocr_line' id='line_1_27' title="bbox 84 1881 749 1931; baseline 0.002 -12"><span class='ocrx_word' id='word_1_208' title='bbox 84 1882 218 1926; x_wconf 85' lang='lat' dir='ltr'>absolvantur,</span> <span class='ocrx_word' id='word_1_209' title='bbox 229 1881 265 1919; x_wconf 89' lang='lat' dir='ltr'>nisi</span> <span class='ocrx_word' id='word_1_210' title='bbox 275 1882 341 1919; x_wconf 90' lang='lat' dir='ltr'>illevel</span> <span class='ocrx_word' id='word_1_211' title='bbox 348 1881 400 1918; x_wconf 91' lang='lat' dir='ltr'>illiad</span> <span class='ocrx_word' id='word_1_212' title='bbox 409 1881 494 1919; x_wconf 84' lang='lat' dir='ltr'>officium</span> <span class='ocrx_word' id='word_1_213' title='bbox 505 1882 534 1919; x_wconf 93' lang='lat' dir='ltr'>vel</span> <span class='ocrx_word' id='word_1_214' title='bbox 541 1882 565 1919; x_wconf 85' lang='lat' dir='ltr'>ad</span> <span class='ocrx_word' id='word_1_215' title='bbox 574 1881 636 1919; x_wconf 83' lang='lat' dir='ltr'>officia</span> <span class='ocrx_word' id='word_1_216' title='bbox 645 1882 749 1931; x_wconf 83' lang='lat' dir='ltr'>eligantur,</span> 
     </span>
     <span class='ocr_line' id='line_1_28' title="bbox 84 1948 751 1999; baseline 0 -12"><span class='ocrx_word' id='word_1_217' title='bbox 84 1961 117 1987; x_wconf 92' lang='lat' dir='ltr'>seu</span> <span class='ocrx_word' id='word_1_218' title='bbox 125 1949 191 1987; x_wconf 90' lang='lat' dir='ltr'>illevel</span> <span class='ocrx_word' id='word_1_219' title='bbox 200 1950 224 1986; x_wconf 89' lang='lat' dir='ltr'>illi</span> <span class='ocrx_word' id='word_1_220' title='bbox 236 1950 260 1986; x_wconf 91' lang='lat' dir='ltr'>ad</span> <span class='ocrx_word' id='word_1_221' title='bbox 268 1950 351 1998; x_wconf 86' lang='lat' dir='ltr'>gradum</span> <span class='ocrx_word' id='word_1_222' title='bbox 361 1951 390 1986; x_wconf 91' lang='lat' dir='ltr'>vel</span> <span class='ocrx_word' id='word_1_223' title='bbox 400 1950 472 1997; x_wconf 82' lang='lat' dir='ltr'>gradus</span> <span class='ocrx_word' id='word_1_224' title='bbox 481 1949 586 1997; x_wconf 84' lang='lat' dir='ltr'>magisterii</span> <span class='ocrx_word' id='word_1_225' title='bbox 596 1950 626 1987; x_wconf 88' lang='lat' dir='ltr'>vel</span> <span class='ocrx_word' id='word_1_226' title='bbox 635 1948 751 1999; x_wconf 77' lang='lat' dir='ltr'>bachelaria-</span> 
     </span>
     <span class='ocr_line' id='line_1_29' title="bbox 83 2016 752 2066; baseline 0 -11"><span class='ocrx_word' id='word_1_227' title='bbox 83 2023 116 2056; x_wconf 86' lang='lat' dir='ltr'>tus</span> <span class='ocrx_word' id='word_1_228' title='bbox 126 2019 223 2055; x_wconf 89' lang='lat' dir='ltr'>scolarum</span> <span class='ocrx_word' id='word_1_229' title='bbox 232 2022 335 2065; x_wconf 89' lang='lat' dir='ltr'>promotus</span> <span class='ocrx_word' id='word_1_230' title='bbox 348 2019 376 2054; x_wconf 90' lang='lat' dir='ltr'>vel</span> <span class='ocrx_word' id='word_1_231' title='bbox 387 2018 472 2066; x_wconf 91' lang='lat' dir='ltr'>promoti</span> <span class='ocrx_word' id='word_1_232' title='bbox 479 2016 557 2061; x_wconf 85' lang='lat' dir='ltr'>tuerint,</span> <span class='ocrx_word' id='word_1_233' title='bbox 566 2018 596 2054; x_wconf 89' lang='lat' dir='ltr'>vel</span> <span class='ocrx_word' id='word_1_234' title='bbox 605 2018 629 2054; x_wconf 85' lang='lat' dir='ltr'>ab</span> <span class='ocrx_word' id='word_1_235' title='bbox 637 2017 752 2066; x_wconf 59' lang='lat' dir='ltr'>hujusmodi&gt;</span> 
     </span>
     <span class='ocr_line' id='line_1_30' title="bbox 84 2084 752 2135; baseline 0 -12"><span class='ocrx_word' id='word_1_236' title='bbox 84 2085 178 2135; x_wconf 85' lang='lat' dir='ltr'>gradibus</span> <span class='ocrx_word' id='word_1_237' title='bbox 190 2085 295 2123; x_wconf 89' lang='lat' dir='ltr'>reddantur</span> <span class='ocrx_word' id='word_1_238' title='bbox 310 2084 473 2135; x_wconf 72' lang='lat' dir='ltr'>(removeantur),</span> <span class='ocrx_word' id='word_1_239' title='bbox 490 2096 528 2134; x_wconf 84' lang='lat' dir='ltr'>pax</span> <span class='ocrx_word' id='word_1_240' title='bbox 540 2095 579 2122; x_wconf 94' lang='lat' dir='ltr'>non</span> <span class='ocrx_word' id='word_1_241' title='bbox 591 2085 627 2123; x_wconf 90' lang='lat' dir='ltr'>erit</span> <span class='ocrx_word' id='word_1_242' title='bbox 641 2085 661 2122; x_wconf 92' lang='lat' dir='ltr'>in</span> <span class='ocrx_word' id='word_1_243' title='bbox 669 2086 752 2131; x_wconf 83' lang='lat' dir='ltr'>ordine,</span> 
     </span>
     <span class='ocr_line' id='line_1_31' title="bbox 85 2154 753 2202; baseline 0.001 -11"><span class='ocrx_word' id='word_1_244' title='bbox 85 2154 182 2202; x_wconf 87' lang='lat' dir='ltr'>provincia</span> <span class='ocrx_word' id='word_1_245' title='bbox 191 2155 221 2191; x_wconf 90' lang='lat' dir='ltr'>vel</span> <span class='ocrx_word' id='word_1_246' title='bbox 235 2160 341 2198; x_wconf 85' lang='lat' dir='ltr'>conventu,</span> <span class='ocrx_word' id='word_1_247' title='bbox 352 2159 385 2192; x_wconf 92' lang='lat' dir='ltr'>aut</span> <span class='ocrx_word' id='word_1_248' title='bbox 398 2155 456 2194; x_wconf 29' lang='lat' dir='ltr'>,multi</span> <span class='ocrx_word' id='word_1_249' title='bbox 469 2154 614 2201; x_wconf 84' lang='lat' dir='ltr'>apostatabunt,</span> <span class='ocrx_word' id='word_1_250' title='bbox 625 2154 655 2190; x_wconf 88' lang='lat' dir='ltr'>vel</span> <span class='ocrx_word' id='word_1_251' title='bbox 668 2154 753 2192; x_wconf 87' lang='lat' dir='ltr'>morien-</span> 
     </span>
     <span class='ocr_line' id='line_1_32' title="bbox 84 2220 753 2265; baseline 0.001 -6"><span class='ocrx_word' id='word_1_252' title='bbox 84 2226 123 2265; x_wconf 83' lang='lat' dir='ltr'>tur,</span> <span class='ocrx_word' id='word_1_253' title='bbox 134 2227 165 2261; x_wconf 84' lang='lat' dir='ltr'>aut</span> <span class='ocrx_word' id='word_1_254' title='bbox 176 2222 217 2259; x_wconf 87' lang='lat' dir='ltr'>baec</span> <span class='ocrx_word' id='word_1_255' title='bbox 226 2222 255 2258; x_wconf 89' lang='lat' dir='ltr'>vel</span> <span class='ocrx_word' id='word_1_256' title='bbox 267 2222 298 2259; x_wconf 91' lang='lat' dir='ltr'>illa</span> <span class='ocrx_word' id='word_1_257' title='bbox 310 2222 416 2265; x_wconf 85' lang='lat' dir='ltr'>evenerint,</span> <span class='ocrx_word' id='word_1_258' title='bbox 430 2233 464 2259; x_wconf 89' lang='lat' dir='ltr'>seu</span> <span class='ocrx_word' id='word_1_259' title='bbox 476 2222 510 2258; x_wconf 89' lang='lat' dir='ltr'>alia</span> <span class='ocrx_word' id='word_1_260' title='bbox 521 2221 591 2259; x_wconf 89' lang='lat' dir='ltr'>similia</span> <span class='ocrx_word' id='word_1_261' title='bbox 601 2220 658 2258; x_wconf 86' lang='lat' dir='ltr'>verba</span> <span class='ocrx_word' id='word_1_262' title='bbox 670 2223 753 2265; x_wconf 90' lang='lat' dir='ltr'>commi-</span> 
     </span>
     <span class='ocr_line' id='line_1_33' title="bbox 84 2289 752 2339; baseline 0.003 -13"><span class='ocrx_word' id='word_1_263' title='bbox 84 2290 149 2327; x_wconf 91' lang='lat' dir='ltr'>nando</span> <span class='ocrx_word' id='word_1_264' title='bbox 163 2290 303 2339; x_wconf 89' lang='lat' dir='ltr'>publicaverint</span> <span class='ocrx_word' id='word_1_265' title='bbox 317 2290 347 2327; x_wconf 87' lang='lat' dir='ltr'>vel</span> <span class='ocrx_word' id='word_1_266' title='bbox 364 2290 460 2327; x_wconf 83' lang='lat' dir='ltr'>dixerint:</span> <span class='ocrx_word' id='word_1_267' title='bbox 477 2290 575 2327; x_wconf 90' lang='lat' dir='ltr'>Volumus</span> <span class='ocrx_word' id='word_1_268' title='bbox 590 2289 643 2337; x_wconf 89' lang='lat' dir='ltr'>quod</span> <span class='ocrx_word' id='word_1_269' title='bbox 656 2290 699 2327; x_wconf 91' lang='lat' dir='ltr'>talis</span> <span class='ocrx_word' id='word_1_270' title='bbox 711 2290 752 2328; x_wconf 91' lang='lat' dir='ltr'>sine</span> 
     </span>
     <span class='ocr_line' id='line_1_34' title="bbox 83 2356 637 2407; baseline 0 -12"><span class='ocrx_word' id='word_1_271' title='bbox 83 2358 235 2397; x_wconf 80' lang='lat' dir='ltr'>contradictione</span> <span class='ocrx_word' id='word_1_272' title='bbox 246 2357 401 2407; x_wconf 89' lang='lat' dir='ltr'>conspiratorum</span> <span class='ocrx_word' id='word_1_273' title='bbox 411 2357 529 2407; x_wconf 88' lang='lat' dir='ltr'>poenitentia</span> <span class='ocrx_word' id='word_1_274' title='bbox 538 2356 637 2406; x_wconf 84' lang='lat' dir='ltr'>puniatur.</span> 
     </span>
    </p>
   </div>
   <div class='ocr_carea' id='block_1_5' title="bbox 0 0 835 2703">
    <p class='ocr_par' dir='ltr' id='par_1_6' title="bbox 0 0 835 2703">
     <span class='ocr_line' id='line_1_35' title="bbox 0 0 835 2703; baseline 0 0"><span class='ocrx_word' id='word_1_275' title='bbox 0 0 835 2703; x_wconf 95' lang='lat' dir='ltr'> </span> 
     </span>
    </p>
   </div>
  </div>
 </body>
</html>
