1616 2703
59 131 101 179 318
327 139 475 169 auuorarroues

58 214 144 264 Segerus
153 214 191 266 (r),
208 215 242 253 sed
254 215 313 265 longe
321 219 378 254 antea
392 215 460 255 locum
472 214 565 254 habuisse
576 215 655 265 opinor.
669 215 706 255 Vix
717 229 737 255 e-

57 284 99 323 nim
117 284 168 323 credi
187 290 260 333 potest,
279 285 298 324 S.
317 284 420 324 Simonem
436 285 499 325 aetatis
513 275 570 324 'anno
587 286 736 336 septuagesimo

58 360 114 394 sexto
132 355 228 393 Ordinem
246 355 360 405 ingressum
375 357 416 407 jam
429 362 514 405 quatuor
531 356 561 394 vel
576 357 665 406 quinque
679 357 736 395 annis

58 425 128 474 elapsis
141 425 160 463 in
170 425 286 480 Generalem
298 427 383 465 electum
393 426 466 474 luisse;
478 427 525 464 nihil
537 431 603 464 tamen
613 427 679 465 obstat
686 426 734 476 quin

58 506 91 543 per
101 496 175 533 multos
186 507 251 534 annos
263 495 283 533 in
295 495 385 534 Carmelo
395 495 472 546 degisse
481 508 503 534 ae
510 495 591 535 tandem
600 507 647 535 cum
656 496 732 542 Yvone,

57 564 162 614 Radulpho
171 576 193 603 ac
205 564 274 604 ceteris
293 565 312 603 in
333 565 426 614 Angliam
443 565 523 604 rediisse
534 565 631 605 credatur.
648 565 696 605 Utut
708 566 734 604 sit

58 635 171 673 nullatenus
187 634 309 673 admittenda
327 646 398 673 censeo
410 647 455 684 quae
469 634 528 684 aliqui
543 640 631 674 auctores
649 636 673 674 de
689 646 733 674 sus-

57 710 113 754 cepto
127 705 189 755 gradu
203 705 361 744 baccalaureatus
368 705 473 744 affirmant.
486 705 562 744 Saeculo
574 705 651 744 decimo
661 705 731 754 quinto

56 779 146 819 exeunte,
160 786 201 823 quo
213 775 254 812 baec
264 774 350 823 primum
361 775 496 824 propalantur,
510 774 666 824 nullusquidem
678 780 732 824 pate-

55 844 89 881 bat
100 844 165 882 aditus
177 844 200 881 ad
213 844 329 893 prioratum,
343 844 413 882 saltem
431 844 575 883 solemniorum
586 849 729 890 conventuum,

55 913 80 950 ad
92 913 253 961 provincialatum
266 918 285 951 et
308 914 371 952 multo
383 913 450 952 minus
461 914 486 952 ad
495 914 629 964 generalatum
644 913 682 952 nisi
693 926 731 963 ope

56 984 127 1021 laureae
143 982 269 1032 magistralis.
283 982 357 1021 Saeculo
373 994 419 1022 vero
437 982 513 1021 decimo
529 983 586 1021 tertio
600 983 661 1032 longe
676 983 731 1021 aliter

56 1063 85 1090 res
97 1063 118 1090 se
125 1052 221 1099 habebat;
235 1052 318 1089 eoenim
329 1057 419 1102 tempore
435 1052 509 1101 gradus
522 1051 627 1090 academici
639 1052 729 1091 nondum

55 1126 111 1159 erant
118 1121 142 1159 ad
151 1122 212 1159 instar
220 1121 271 1159 tituli
281 1121 392 1169 honorifici,
403 1121 437 1159 sed
447 1121 527 1170 praecise
537 1121 665 1159 confeberant
674 1121 730 1159 licen-

54 1190 101 1228 tiam
113 1191 137 1228 ad
148 1190 262 1228 docendum
274 1190 294 1228 in
306 1190 348 1240 ipsa
356 1190 491 1229 universitate.
501 1190 579 1229 Primus
594 1195 660 1229 autem
670 1203 680 1228 e
693 1201 729 1229 no-

55 1260 100 1297 stris
112 1259 196 1297 Oxoniae
205 1264 310 1308 promotus
320 1259 357 1298 mir
364 1260 432 1298 Petrus
442 1259 587 1310 Swanyngton,
597 1260 728 1297 circaannum

58 1339 120 1379 1259;
139 1329 238 1367 secundus
250 1328 361 1367 Gulielmus
373 1329 489 1378 Hanaberg3
504 1329 580 1377 primus
597 1328 729 1378 Cantabrigiae

53 1399 137 1436 lauream
148 1398 258 1447 suscipiens
263 1399 300 1436 fuit
309 1398 425 1436 llumfridus
435 1397 518 1436 Necton.
529 1398 588 1442 Qrod
597 1409 644 1436 vero
662 1409 730 1436 recen-

53 1467 112 1505 tiores
124 1467 200 1506 addunt
211 1468 235 1505 de
245 1467 336 1516 precibus
349 1467 490 1515 magistrorum
500 1466 646 1505 Oxoniensium
656 1466 729 1515 quibus

53 1541 156 1585 permotus
168 1536 188 1573 S.
201 1535 271 1573 Simon
283 1535 364 1573 tandem
379 1535 454 1574 invitus
468 1535 552 1585 gradum
564 1534 665 1584 acceperit,
676 1547 729 1584 pror·

11 1590 12 1593 Ἴ
52 1616 87 1644 sus
101 1605 213 1643 incredibile
226 1609 262 1648 est,
277 1609 298 1642 ut
310 1604 322 1642 ii
338 1609 413 1643 norunt
428 1604 498 1653 quide
512 1604 637 1655 systematica
649 1604 730 1654 opposi-
792 1611 794 1614 '

52 1674 106 1721 tione
118 1673 259 1723 magistrorum
270 1685 317 1723 erga
327 1674 426 1723 regulares
436 1673 466 1712 vel
482 1672 580 1711 modicam
593 1673 666 1711 habent
678 1673 729 1712 noti·
787 1662 796 1729 J

52 1743 120 1791 tiam(
136 1744 150 1791 ).

74 1859 102 1901 (Ι)
113 1858 183 1891 Auctor
193 1857 253 1904 operis
262 1857 347 1890 Histoire
357 1858 378 1890 de
390 1856 463 1890 turdi-e
476 1857 503 1899 (P.
513 1858 540 1898 64]
552 1867 574 1890 ex
585 1868 606 1890 eo
614 1858 665 1900 quod
678 1857 728 1890 bulla
786 1837 790 1851 ἱ

52 1916 150 1949 Alexandri
161 1917 185 1949 lV
195 1916 231 1949 diei
240 1916 250 1948 8
260 1915 322 1949 Martii
336 1916 377 1948 rabi
395 1915 470 1958 (Bullar.
481 1916 495 1956 Ι,
504 1917 532 1951 tal
541 1929 548 1947 rr
561 1915 646 1949 Generali
656 1924 673 1948 et
685 1926 727 1958 pro-

52 1973 162 2009 vincialibus
169 1975 188 2007 in
197 1975 253 2007 Terra
261 1975 327 2007 Sancta
335 1973 437 2007 consriruris
447 1973 549 2017 »dirigatur
556 1983 638 2008 autumat
645 1975 663 2008 S.
671 1974 729 2007 Simo·

52 2044 94 2067 nem
102 2044 124 2066 eo
134 2044 182 2066 anno
190 2044 231 2066 cum
238 2032 329 2076 aliquibus
339 2031 482 2075 provincialibus
489 2041 600 2066 conventum
608 2033 676 2066 lilonris
686 2032 729 2066 Car·
784 2050 790 2080 l

52 2092 95 2125 meli
107 2092 196 2125 canonice
206 2091 300 2132 ·risirasse;
311 2090 425 2134 probabilius
435 2099 461 2124 est
477 2091 584 2125 Pontificem
599 2091 683 2134 petitioni
694 2091 729 2124 sibi

52 2160 85 2194 per
97 2150 197 2193 capitulum
213 2150 297 2194 generale
306 2156 396 2192 porrectae
406 2149 515 2182 satisfecisse
532 2157 551 2183 et
562 2150 630 2183 eisdem
643 2149 729 2183 Generali
783 2144 793 2200 {j

52 2217 70 2242 et
84 2208 228 2252 provincialibus
238 2207 352 2251 rescripsisse
362 2207 393 2250 qui
403 2206 438 2240 sibi
448 2208 564 2250 scripserant.
583 2209 638 2250 Quod
652 2218 696 2242 vero
709 2208 728 2241 in
782 2212 790 2261 ’ᾖ

50 2267 213 2309 marginebullarii
219 2268 302 2308 habetur,
316 2277 381 2309 nempe
390 2276 411 2298 eo
421 2274 502 2309 tempore
515 2266 576 2310 plures
588 2266 644 2300 fuisse
654 2267 727 2311 provin·

52 2324 89 2358 cias
99 2325 118 2357 in
131 2325 255 2368 patriarchatu
267 2323 438 2368 Hierosolymitano
448 2335 458 2357 a
468 2324 542 2358 ueritate
551 2324 632 2358 alienum
641 2332 674 2358 est.

72 2384 101 2426 (2)
110 2382 138 2417 Cf.
151 2383 266 2417 illunimenta
271 2382 374 2417 academica
382 2382 416 2427 [ed.
427 2382 492 2427 Henry
498 2383 573 2427 Ansrey‚
584 2383 639 2417 Rolls'
649 2382 723 2435 Series),
781 2405 788 2436 ξι

53 2435 103 2475 1868,
110 2437 185 2481 passim.
