1631 2703
307 99 385 129 leuamen
399 100 440 129 Xl.lV
664 101 669 127 Ι
678 101 696 128 11

29 179 65 215 tris
76 176 96 214 in
108 187 144 214 suo
154 180 254 214 conventu
266 175 379 213 decedentis
390 187 435 213 cum
447 175 502 213 omni
520 174 644 213 festinatione
659 176 700 225 pri-

29 246 57 283 ori
75 244 187 294 provinciali
199 245 320 293 ubicumque
339 244 396 282 fuerit
415 243 524 288 denuntiet,
535 244 573 282 sub
586 255 644 293 poena
655 256 700 293 gra-

30 314 60 352 vis
75 314 136 363 culpae
154 325 188 363 per
199 318 238 351 tres
250 314 291 351 dies
308 313 406 362 prioribus
423 313 569 362 negligentibus
585 313 697 362 infligenda.

30 395 49 422 2.
62 383 109 421 ltem
127 384 221 421 volumus
242 383 296 431 quod
308 383 327 420 in
339 382 433 419 omnibus
444 382 543 420 cimiteriis
554 383 622 420 fratres
638 383 699 420 nostri

30 452 181 490 asaecularibus
196 452 266 490 semoti
278 452 403 500 sepeliantur,
422 455 444 489 ut
456 456 585 489 monumenta
596 452 676 489 fratrum
689 464 699 489 a

31 521 167 559 monumentis
178 521 260 559 aliorum
273 520 425 569 distinguantur.
438 532 457 571 3.
471 521 518 557 ltem
530 520 636 565 statuimus
646 521 699 569 quod

30 595 59 627 ter
68 590 88 627 in
100 601 153 627 anno
165 590 198 628 frat
209 590 371 627 commemoratio
382 601 426 627 cum
440 588 510 637 vigiliis
527 589 550 626 lX
561 589 669 627 lectionum
681 595 700 626 et

31 658 91 696 missa
108 658 193 696 solemni
205 670 240 707 pro
258 658 350 696 fratribus
362 658 459 696 defunctis
472 657 533 695 nostri
545 657 627 702 ordinis,
641 662 660 695 et
672 663 700 695 ter

31 738 66 776 pro
79 727 193 775 parentibus
205 732 225 765 et
235 727 303 765 amicis
314 728 395 765 fratrum
405 732 424 764 et
434 738 469 775 pro
483 726 576 764 omnibus
588 726 668 775 illisqui
680 727 699 764 in

31 795 129 834 cimiteriis
142 796 203 834 nostri
215 796 289 834 ordinis
309 801 356 834 sunt
373 796 451 844 sepulti,
472 801 491 833 et
507 800 537 833 ter
557 807 592 844 pro
604 795 698 844 patronis,

31 864 157 902 familiaribus
179 869 199 902 et
217 865 373 902 benefactoribus
392 869 411 902 et
430 876 465 912 pro
485 864 515 917 his
531 864 564 912 qui
576 864 699 902 fraternitatis

31 932 104 970 litteras
116 933 231 971 habuerunt.
245 933 319 971 Primas
330 938 370 971 tres
378 933 453 970 missas
467 944 512 970 curn
527 932 595 970 officiis
612 938 700 970 mortuo-

32 1011 75 1038 rum
88 1000 111 1038 lX
122 1001 227 1039 lectionum
239 1001 310 1038 faciant
322 1002 388 1038 fratres
400 1006 445 1049 post
457 1005 546 1038 octavam
558 1000 669 1049 Epiphaniae
680 1007 699 1038 et

32 1074 76 1105 ante
89 1070 161 1106 festum
171 1069 319 1107 Purificationis.
332 1069 444 1107 Secundum
456 1069 563 1106 ternarium
576 1069 646 1107 faciant
654 1075 708 1118 post·

32 1141 111 1174 octavas
123 1137 201 1175 Paschae
213 1142 231 1175 et
245 1142 290 1175 ante
301 1138 374 1175 festum
386 1137 520 1175 Ascensionis.
533 1137 619 1175 Tertium
634 1143 699 1175 terna-

32 1205 84 1243 rium
94 1206 144 1243 inter
156 1206 228 1243 festum
242 1206 347 1256 Mychaelis
358 1211 377 1243 et
388 1207 461 1244 festum
468 1206 564 1244 Omnium
574 1206 698 1244 Sanctorum.

58 1284 78 1320 4.
96 1273 205 1312 Statuimus
225 1274 279 1322 quod
291 1274 373 1322 quilibet
391 1274 481 1312 sacerdos
492 1274 554 1312 totius
565 1274 639 1312 ordinis
650 1275 701 1312 dicat

31 1342 89 1389 (Fol.
100 1340 125 1392 36
137 1342 279 1390 b)·annuatinr
292 1342 399 1390 specialiter
411 1354 446 1391 pro
458 1343 556 1387 fratribus,
575 1343 701 1381 benefactori-

32 1411 70 1449 bus
88 1422 110 1448 ac
132 1411 260 1449 familiaribus
280 1411 352 1449 nostris
369 1416 388 1449 et
404 1412 476 1449 litteras
488 1411 562 1449 ordinis
574 1412 699 1459 habentibus,

31 1484 72 1516 tam
84 1479 134 1516 vivis
154 1490 214 1527 quam
227 1480 331 1523 defunctis,
345 1480 489 1536 quinquaginta
509 1480 579 1518 missas
588 1481 701 1528 quarumX

32 1548 72 1585 sint
87 1548 111 1585 de
123 1547 194 1585 Sancto
212 1548 290 1597 Spiritu,
312 1549 329 1585 X
346 1549 370 1586 de
381 1548 438 1586 Beata
449 1554 468 1586 et
480 1549 531 1586 XXX
540 1560 574 1597 pro
593 1549 698 1587 defunctis.

32 1615 118 1659 Quilibet
129 1621 194 1653 autem
206 1617 289 1654 aliorum
298 1618 379 1654 fratrum
391 1617 431 1654 sive
443 1617 468 1654 sit
480 1616 567 1660 clericus,
581 1617 622 1655 sive
631 1617 698 1661 laicus,

32 1683 80 1721 dum
88 1688 154 1721 tamen
167 1684 214 1722 sciat
223 1685 293 1733 legere,
307 1685 357 1722 dicat
366 1696 401 1733 pro
410 1685 437 1723 eis
448 1686 482 1723 XX
490 1685 578 1734 psalteria
590 1685 699 1724 annuatim.

31 1753 53 1790 Et
65 1753 98 1800 qui
110 1753 201 1790 nesciunt
212 1754 277 1802 legere
289 1753 354 1791 dicant
365 1753 437 1802 singuli
445 1754 480 1791 tria
489 1754 548 1791 millia
564 1754 618 1791 Pater
629 1755 701 1792 Noster

32 1824 51 1858 et
59 1820 142 1858 totidem
155 1820 197 1859 Ave
209 1821 275 1862 Maria.
647 1821 649 1824 ’

59 1899 76 1937 5,
97 1890 189 1927 Praeterea
209 1890 232 1927 in
244 1891 331 1939 qualibet
347 1891 446 1940 provincia
458 1902 493 1940 pro
506 1903 628 1940 unoquoque
645 1886 701 1930 fratre

31 1957 124 1997 defuncto
133 1958 184 1996 illius
196 1959 308 2007 provinciae,
322 1960 379 1997 etiam
392 1960 407 1997 si
426 1961 445 1997 in
455 1960 552 2014 provincia
561 1960 621 1998 aliena
631 1961 702 1998 moriu-

31 2031 63 2063 tur
71 2031 90 2063 et
106 2026 177 2064 ibidem
190 2028 265 2065 steterit
274 2039 331 2066 causa
343 2029 410 2072 studii,
421 2034 440 2066 et
458 2034 547 2077 patrono,
567 2034 646 2066 cantent
655 2041 700 2067 curn

32 2100 79 2132 nota
91 2095 170 2133 Placeho
187 2101 206 2134 et
221 2097 289 2146 Dirige
303 2102 322 2134 et
340 2098 421 2136 missam
433 2098 571 2136 defunctorum
585 2098 605 2135 in
617 2098 701 2146 singulis

32 2163 169 2209 conventibus,
191 2165 270 2213 quando
282 2166 345 2213 primo
366 2166 432 2203 obitus
454 2167 496 2214 ejus
513 2166 571 2203 fuerit
590 2166 699 2203 nuntiatus.

31 2232 78 2269 ltem
91 2232 172 2280 quilibet
183 2234 273 2271 sacerdos
283 2245 316 2282 per
326 2239 388 2272 totam
401 2234 453 2271 illam
468 2233 585 2282 provinciam
599 2234 649 2271 dicat
660 2239 700 2272 tres

33 2299 104 2353 missas
116 2312 152 2348 pro
164 2302 240 2346 eodem,
254 2306 273 2338 et
284 2302 365 2349 quilibet
380 2302 537 2347 aliorumunum
547 2302 669 2350 psalterium,
682 2308 702 2339 et

34 2367 106 2416 singuli
123 2369 191 2407 fratres
203 2369 245 2407 laici
262 2369 368 2419 quingenta
380 2370 434 2408 Pater
444 2369 515 2407 Noster
526 2374 545 2408 et
564 2370 647 2408 totidem
659 2371 702 2409 Ave
