1631 2703
222 158 225 163 .
274 133 294 159 n.
308 132 326 159 o.
343 120 462 172 1²⁶4·¹393·
663 129 699 157 201

58 206 118 243 Anno
127 205 205 243 Domini
216 216 262 256 1375
273 207 309 244 tuit
319 207 390 244 iactum
398 206 487 255 generale
496 205 602 254 capitulum
612 205 632 242 in
641 204 701 242 Podio

23 273 51 311 vin
64 274 164 322 provincia
173 275 301 322 Narbonensi,
315 280 333 312 et
345 280 392 312 tunc
403 274 525 314 concorditer
538 273 621 319 nemine
630 273 702 311 discre-

32 347 89 391 pante
101 343 137 381 iuit
146 344 219 396 electus
234 343 253 381 in
270 344 354 392 priorem
368 344 477 392 generalem
492 342 583 391 Magister
594 342 701 380 Bernardus

31 411 98 458 olent,
108 411 153 460 quia
160 398 354 461 MagisterJohannes
361 411 453 449 balistarii
461 417 553 449 mortuus
566 412 702 449 tueratmense

30 478 139 527 Septembri
151 481 170 517 in
182 482 233 518 testo
245 481 342 518 Michaelis
352 480 371 517 in
381 484 482 517 conventu
492 480 634 527 Maiorianum,
645 484 664 516 et
673 479 701 516 sic

31 548 135 595 praedictus
148 548 248 597 quondam
259 548 350 597 magister
359 549 458 595 johannes
472 548 520 585 rexit
532 547 621 585 ordinem
637 547 655 584 in
668 559 702 596 ge·

31 608 128 655 neralatus
135 616 199 654 officio
211 628 244 665 per
258 628 321 659 annos
332 616 401 665 viginti
413 627 475 654 unum
488 621 507 654 et
516 627 595 654 menses
609 621 700 664 quatuor.

56 685 115 723 Anno
131 678 210 723 Domini
227 696 277 736 1379
295 685 332 723 suit
350 685 469 722 celebratum
486 684 593 732 capitulum
613 685 702 732 generale

30 753 99 802 Brugis
113 758 132 790 et
143 753 180 804 tuit
192 755 331 802 prolongatum
343 765 377 801 per
387 758 471 801 quatuor
482 764 545 790 annos
558 752 644 801 Magistri
657 753 702 789 Ber-

30 821 85 864 nardi
94 822 153 859 Olerii
165 822 250 860 tenentis
261 821 356 860 officium.
395 860 397 863 ,
565 863 568 867 ,
636 861 638 865 ,

56 890 116 927 Anno
126 890 205 927 Domini
218 892 264 939 1381
276 890 295 927 in
308 890 338 927 die
348 891 471 927 Pentecostes
480 889 564 931 Veronae
573 889 610 927 tuit
617 890 702 927 celebra-

29 951 188 1006 tumcapitulum
200 959 288 1007 generale
303 959 323 996 in
335 970 374 1006 quo
389 958 473 1007 capitulo
484 958 576 1007 Magister
585 958 665 995 Michael
677 958 702 995 de

30 1026 118 1080 Bononia
130 1027 166 1064 fuit
176 1027 293 1064 unanimiter
302 1027 321 1064 in
331 1027 415 1075 priorem
424 1027 534 1075 generalem
543 1027 625 1073 ,electusl
634 1031 701 1063 amoto

30 1094 83 1142 prius
95 1106 105 1131 a
119 1093 210 1143 praedicto
226 1094 289 1132 officio
300 1096 423 1144 generalatus
441 1106 474 1144 per
486 1094 595 1144 Dominum
607 1099 700 1133 nostrum

30 1162 131 1201 Urbanum
149 1175 219 1211 papam
234 1168 312 1201 sextum
325 1164 421 1201 Bernardo
433 1163 498 1201 Olerii.
520 1163 539 1201 ln
557 1174 597 1211 quo
614 1163 700 1211 capitulo

31 1241 71 1269 non
84 1232 163 1269 suerunt
179 1231 215 1269 nisi
230 1237 305 1280 septem
317 1221 433 1269 diffinitores
448 1243 481 1280 per
493 1232 608 1269 electionem
620 1230 700 1280 provin-

30 1300 112 1337 ciarum.
134 1300 171 1338 Alii
188 1311 235 1338 vero
252 1301 332 1338 tuerunt
349 1300 446 1348 assumpti
462 1300 529 1348 vigore
546 1300 606 1337 butlae
622 1299 701 1337 Domini

31 1368 92 1405 nostri
102 1367 241 1416 papaeUrbani
249 1362 297 1405 sexti
312 1368 417 1417 supradicti
428 1366 466 1418 (r),
480 1368 513 1406 ubi
526 1367 573 1405 nihil
583 1367 700 1405 innovatum

31 1436 66 1473 tuit
78 1436 102 1472 de
114 1436 290 1475 constitutionibus
302 1437 332 1474 vel
344 1435 453 1485 abrasum(
467 1435 483 1487 ).

56 1505 115 1541 Anno
125 1504 203 1542 Domini
218 1504 294 1554 ¹34861¹¹
307 1505 337 1541 die
349 1504 472 1542 Pentecostes
488 1504 523 1542 suit
534 1504 652 1542 celebratum
664 1516 698 1553 ge-

31 1573 93 1610 nerale
107 1573 214 1621 capitulum
224 1573 292 1611 Brixiae
304 1584 338 1622 per
354 1574 481 1610 reverendum
495 1572 611 1622 Magistrum
625 1561 699 1620 Jonan-

31 1652 75 1677 nem
86 1641 109 1678 de
121 1641 188 1678 Raude
199 1641 364 1678 Mediolanensem
382 1646 429 1678 tunc
438 1641 531 1679 vicarium
541 1633 699 1690 generalemper

30 1709 138 1746 Dominum
153 1713 242 1746 nostrum
253 1720 323 1757 papam
333 1709 434 1747 Urbanum
449 1714 527 1747 sextum
540 1709 651 1747 ordinatum
667 1721 701 1758 per

30 1777 173 1825 depositionem
183 1777 282 1815 reverendi
298 1777 383 1826 Magistri
397 1777 496 1815 Michaelis
512 1778 536 1815 de
551 1778 637 1815 Bononia
654 1778 700 1816 olim

30 1846 131 1894 generalis.
144 1846 163 1883 ln
176 1857 216 1894 quo
228 1846 307 1894 quidem
320 1846 405 1894 capitulo
420 1846 461 1895 ipse
474 1847 591 1885 reverendus
607 1848 701 1896 magister

27 1915 126 1961 johannes
144 1913 179 1951 tuit
196 1914 220 1951 ab
240 1914 333 1952 omnibus
352 1915 430 1952 nemine
454 1915 576 1963 discrepante
592 1916 665 1954 electus
679 1917 698 1953 in

31 1983 114 2032 priorem
126 1982 236 2031 generalem
246 1982 307 2021 totius
319 1983 399 2022 ordinis.
411 1983 468 2022 Rexit
478 1985 596 2022 reverendus
608 1985 700 2032 Magister

51 2109 73 2149 (il
82 2106 133 2140 Bulla
144 2107 190 2140 Cain
201 2108 246 2139 sicul
256 2118 312 2150 rztrper
321 2109 428 2152 accepimus,
438 2110 479 2141 data
488 2120 506 2141 2!
520 2109 560 2142 Oct.
571 2109 613 2142 1380
622 2110 700 2150 (Buliur.

30 2165 108 2197 Carmel.
117 2173 129 2197 t.
142 2165 156 2204 l,
171 2165 190 2197 P.
204 2166 252 2207 146.)
262 2165 377 2199 inscribitur:
390 2167 414 2199 Ut
420 2166 502 2210 supplere
509 2167 567 2210 possit
579 2177 628 2200 voces
638 2178 700 2200 eorum

30 2223 60 2267 qui
67 2223 133 2256 nollent
142 2229 174 2256 aut
181 2224 272 2266 nequirent
280 2224 304 2256 ad
310 2224 397 2269 generale
405 2224 502 2268 capitulum
512 2224 603 2258 accedere.

52 2282 74 2323 [a]
84 2282 141 2314 Notat
150 2280 180 2314 hic
192 2282 211 2314 P.
227 2281 268 2315 lob.
283 2279 423 2324 Nepomucenns
435 2282 552 2315 omissionem
565 2283 640 2326 capituli
651 2294 700 2316 anno

33 2339 74 2372 1385
86 2339 190 2382 Bambergae
200 2339 286 2372 celebrati
300 2339 357 2373 videri
366 2340 440 2373 librario
452 2340 573 2384 potiusquam
586 2342 661 2374 auctori.
669 2342 701 2376 tri·

31 2397 128 2432 buendam.
