1616 2703
72 133 82 175 3
86 133 111 162 20
338 125 486 158 ADNOTATIONES

73 208 122 247 mari
129 206 190 245 etiam
199 216 259 255 super
271 216 328 244 esum
338 203 434 243 carnium
447 201 537 250 Demque
546 199 610 244 silent'
597 204 647 244 trum
659 199 747 248 regulare

72 279 195 326 hucusquea
206 265 299 325 vesperis
308 285 373 324 usque
382 273 406 312 ad
415 272 500 311 Tertiam
515 269 617 319 sequentis
627 268 664 307 diei
679 267 748 317 perdu-

73 358 118 386 rans
127 347 269 385 declararuntt
242 344 370 383 ttenendum
383 355 394 381 a
403 342 494 392 Comple
495 340 537 380 orio
546 349 611 390 usque·
622 340 646 378 ad
663 339 748 378 Primam

72 417 153 456 dictam.
169 415 196 453 De
205 414 281 453 licentia
294 413 397 463 recipiendi
409 414 451 452 loca
465 423 506 450 non
518 412 584 450 solum
602 410 622 448 in
631 409 702 448 eremis
714 410 749 448 sed

70 486 132 525 etiarn
144 484 281 523 incivitatibus
294 489 361 533 postea
373 483 493 522 disserturus
500 491 554 520 sum.
801 475 803 477 “

100 555 120 594 S.
130 555 200 593 Simon
212 553 311 603 imprimis
323 552 401 591 sudavit
415 552 435 590 in
451 550 572 593 stabiliendis
584 548 717 594 conventibus
727 547 747 586 in
801 586 802 589 ,

72 624 121 663 locis
130 624 164 662 ubi
175 623 241 662 ¹studia
252 621 350 672 generalia
367 621 490 660 habebantur
501 625 545 659 tum
565 623 588 662 ut
598 619 691 657 fratribus
703 629 748 667 pro-

72 696 146 734 iectum
159 694 179 732 in
189 693 275 732 scientiis
284 696 405 742 procuraret,
418 695 461 730 turn
474 695 496 729 ut
510 691 613 733 scholares
624 688 651 727 ibi
663 687 749 731 existen·

72 770 104 802 tes
120 762 188 802 Ordini
201 762 312 801 associaret.
331 761 461 810 Cantabrigiae
484 770 537 798 anno
556 770 606 810 1249
624 763 748 801 ,conventum

73 833 104 872 ins
105 832 187 880 tituit(r
192 834 206 881 )
220 831 302 870 Oxoniae
318 841 371 869 anno
386 828 468 881 rama
470 832 484 879 )‚
496 828 573 868 Parisiis
584 816 616 880 (3)
625 833 644 866 et
656 827 750 867 Bononiae
800 834 801 882 ξ

73 913 125 941 anno
139 902 196 941 1260.
798 939 801 950 *r

100 972 189 1017 Quantas
202 970 414 1009 veroaerumnashisce
426 969 527 1008 laboribus
540 978 646 1019 perpessus
657 968 690 1016 sit,
700 966 751 1006 diffi-
798 958 801 1027 {ff

73 1042 108 1081 dle
117 1046 147 1081 est
155 1041 220 1080 dictu.
229 1041 257 1079 Ex
268 1052 308 1080 una
320 1045 374 1090 parte
385 1040 481 1081 Ordinem
492 1039 568 1079 eTerra
578 1039 646 1090 Sancta
658 1039 678 1077 ln
690 1039 750 1077 Euro-

74 1123 121 1162 pam
131 1112 299 1160 transplantatum
308 1110 393 1149 stabillre
402 1122 424 1148 ac
435 1110 514 1149 dilatare
523 1110 610 1158 curavit;
624 1115 698 1150 coetum
710 1122 751 1149 ere·

73 1180 202 1220 mitarum,in
223 1180 339 1230 religionem
353 1180 681 1226 lvlend'icantiumtransmutatum,
694 1192 751 1230 orga-
797 1168 800 1200 l

72 1251 152 1294 nizavit,
164 1262 187 1289 ac
198 1250 275 1300 legibus
287 1250 380 1289 munivit.
393 1250 421 1290 Ex
431 1250 467 1289 alia
479 1254 532 1300 parte
545 1256 612 1289 contra
624 1251 750 1300 praelatorum
796 1259 799 1271 ³

73 1332 96 1360 ac
105 1320 230 1360 ecclesiarum
246 1325 345 1359 rectorum
358 1319 521 1370 impugnationes
537 1324 617 1359 strenue
628 1320 679 1371 egit;
693 1325 712 1359 et
724 1319 751 1358 in·
796 1306 799 1330 ³

74 1402 134 1441 super
146 1401 194 1429 suos
208 1390 241 1428 vvel
259 1390 319 1429 taedio
330 1391 412 1429 affectos
425 1391 455 1428 vel
464 1390 602 1440 ,desperationi
615 1391 698 1438 deditos,
720 1391 750 1428 vel
795 1441 798 1456 ι

74 1460 133 1499 etiam
150 1459 171 1499 in
185 1459 274 1509 seipsum
286 1460 414 1511 insurgentes
425 1459 456 1510 (4)
469 1460 529 1500 erexit
542 1459 698 1509 consolavitque.
711 1460 751 1499 Nec
794 1459 798 1511 j

74 1530 111 1569 sibi
123 1529 186 1569 deluit
196 1529 293 1569 auxilium
305 1531 328 1569 de
342 1530 426 1580 Sancto;
439 1530 552 1570 beatissima
561 1531 612 1569 enim
621 1530 682 1581 Virgo
692 1529 751 1569 Maria

75 1599 156 1639 mirifice
168 1611 248 1639 servum
258 1611 317 1640 suurn
325 1601 433 1646 roboravit,
446 1600 496 1640 sicut
507 1601 558 1640 inira
570 1601 674 1640 videbitur.
794 1583 797 1588 ι

100 1670 120 1709 S.
133 1669 202 1709 Simon
213 1670 295 1709 tandem
308 1671 492 1710 centesimoaetatis
504 1682 557 1709 anno
569 1671 690 1721 provinciam
706 1671 752 1710 Vas·

74 1739 137 1779 conize
153 1739 247 1784 visitavit
265 1740 391 1780 etlolosam
406 1741 431 1779 ad
442 1741 550 1791 capitulum
566 1741 704 1780 celebrandum
717 1741 752 1779 mi·

74 1815 167 1860 graturus
179 1810 288 1860 Burdigahs
300 1811 371 1850 rnorbo
383 1816 461 1861 corrept
462 1822 486 1851 us
454 1811 530 1850 tdie
547 1809 569 1850 16
581 1811 625 1860 Maii
638 1811 685 1861 1265
698 1810 751 1861 quie·

73 1878 109 1919 vit.
122 1879 190 1919 Narrat
200 1879 303 1919 Menaldus
314 1879 346 1932 (ac
357 1892 381 1920 ex
390 1892 414 1920 eo
428 1881 524 1920 Bouchier
538 1886 556 1920 et
568 1880 646 1933 Baleus)
654 1881 679 1920 ab
688 1881 750 1931 ipsius
795 1875 798 1884 “

74 1949 179 1999 sepulchro
197 1954 275 1988 lantum
292 1940 391 2000 fulgorem
403 1956 518 2000 tantamque
534 1952 597 1990 lucem
610 1951 714 1990 emicuisse
725 1950 753 1989 de*
795 1987 796 1990 ,

96 2139 154 2183 (ilci
153 2140 328 2175 .BZimmerman.
335 2141 752 2189 DieenglisclrenKarmelitenlrloesler(inpe·

73 2196 143 2232 riodico
161 2199 267 2243 germanico
285 2201 422 2236 Stimnzenaom
431 2202 493 2248 Berge
508 2202 664 2245 Karmelwloraz
680 2212 751 2246 [por-,z
790 2222 793 2247 t

73 2256 93 2291 Ρ.
109 2268 148 2292 raa.

93 2318 123 2360 (a)
133 2316 180 2351 Ibid.
189 2319 209 2352 Ρ.
222 2319 260 2353 123.

93 2375 123 2420 (3)
130 2376 189 2421 Supra
200 2377 269 2413 e.283.

94 2434 123 2478 (4)
132 2434 178 2470 Vide
185 2435 232 2470 inira
239 2437 336 2472 elenchum
343 2438 442 2472 bullarum.
