1609 2703
334 114 423 143 uourruu
705 114 716 156 3

43 190 111 237 luerit
124 189 186 237 radir
197 201 219 237 et
231 191 298 252 origo
315 201 447 238 nostrarum
461 191 668 247 constitutionum,
679 190 717 237 di-

43 286 93 317 cam
106 271 220 333 praecipua
232 281 317 319 statuta
327 288 354 319 er
366 270 576 319 constitutionibus
587 283 717 318 ceterorum

43 351 154 398 ordinum
171 351 363 408 mendicantium,
380 352 561 399 Praedicatorurn
581 351 716 414 praesertim,

43 442 149 479 mutuata
157 430 236 479 fuisse.
246 431 374 479 Maximam
387 432 451 480 enim
463 431 540 480 videre
550 443 585 479 est
601 430 716 492 similitu-

44 511 123 559 dinem
141 512 202 559 inter
212 524 304 560 nostras
317 513 499 560 constitutiones
511 511 659 575 modumque
671 527 718 573 gu-

43 591 155 639 bernandi
167 594 191 640 in
211 593 243 640 eis
262 592 404 656 descriptum
417 604 439 640 et
457 592 562 655 ejusdem
582 603 670 640 naturae
680 609 718 645 ‚or-

43 672 175 720 diuatioues
189 672 250 735 apud
266 673 355 720 Fratres
376 672 547 720 Praedicatores.
560 673 671 720 Ceterum
684 689 718 720 ca-

42 763 94 799 veat
114 752 187 801 lector
198 769 227 800 ue
239 753 302 815 juxta
314 746 427 801 moderna
439 754 547 800 instituta
567 753 595 800 de
616 753 717 816 antiquis

43 832 136 894 judicet,
150 849 203 880 curu
217 834 297 880 onmia
308 850 359 896 quae
378 851 400 881 r.
413 849 436 894 g,
454 833 543 880 adrem
555 834 717 891 monetariam,

43 912 106 960 bona
118 912 213 960 lratrum
233 913 363 975 personalia
380 913 469 976 aliaque
490 912 575 961 similia
594 914 717 976 pertinent,

44 992 197 1041 nullomodo
218 1010 245 1040 ex
266 995 383 1057 principiis
404 993 460 1055 juris
483 994 616 1065 Tridentini
634 993 718 1041 seder

44 1073 129 1136 regulis
141 1074 197 1135 juris
205 1072 301 1121 feodalis
313 1073 436 1135 judicanda
448 1074 495 1121 sint
507 1074 717 1136 acinterpretanda.

22 1214 24 1216 ι
76 1153 157 1201 Codex
168 1165 248 1201 noster
260 1153 287 1201 ab
296 1155 365 1202 initio
378 1170 452 1217 usque
465 1154 492 1202 ad
505 1165 554 1201 acta
572 1153 666 1217 capituli
687 1155 716 1202 A.

44 1235 72 1282 D.
96 1246 154 1295 1351
178 1233 290 1291 celebrati,
313 1233 393 1281 eadem
414 1250 486 1281 manu
507 1235 652 1297 conscriptus
674 1246 716 1292 est,

45 1314 107 1362 unde
122 1326 189 1380 recte·
202 1314 319 1376 colligitur
339 1313 385 1361 hoc
404 1315 487 1362 eodem
502 1331 565 1362 anno
584 1314 717 1363 inchoatus.

44 1394 124 1442 Plures
137 1394 191 1442 dein
209 1395 331 1457 scriptores
353 1395 417 1457 operi
434 1411 533 1442 manunt
553 1395 716 1453 admoverunt,

45 1475 85 1523 sed
98 1486 150 1523 tum
163 1476 258 1538 primus,
271 1486 323 1523 tum
335 1476 482 1538 posteriores,
500 1475 552 1538 plus
566 1493 633 1538 aequo
652 1492 677 1524 se
692 1476 717 1523 in

45 1554 168 1603 scribendo
180 1555 326 1617 negligenter
341 1554 486 1613 ltabuerunt;
507 1554 640 1619 frequenter
653 1556 717 1604 enim

45 1635 113 1683 verba
131 1636 225 1694 omissa,
238 1635 281 1683 alia
299 1637 401 1698 repetita,
414 1635 517 1698 subjecta
535 1653 589 1684 cum
606 1635 682 1684 verbis
696 1648 719 1684 et

46 1716 156 1779 adjectiva
169 1717 268 1764 uomina
277 1733 331 1764 curn
344 1715 495 1764 substantivis
512 1715 646 1764 nullatenus
659 1733 719 1764 cou-

46 1796 164 1844 cordautia
175 1797 288 1845 inuenies.
301 1796 374 1854 Talia,
395 1796 435 1844 ubi
447 1813 509 1845 error
521 1795 659 1845 manifestus
670 1813 719 1859 ap-

46 1868 127 1940 paruit,
141 1878 253 1938 corrigere
271 1894 321 1924 non
342 1876 457 1933 dubitavi3
477 1894 528 1940 quae
544 1894 599 1924 vero
615 1877 720 1925 addenda

47 1956 720 2021 censuiuncirrisinclusi.Nequeorthographiamsequen-

47 2037 101 2085 darn
113 2038 175 2086 duri.
189 2037 279 2086 Saeculo
292 2049 374 2101 quarto
383 2038 475 2085 decimo
482 2038 542 2086 sicut
551 2049 573 2085 et
581 2038 720 2101 praecedenti

48 2129 70 2165 et
82 2117 279 2182 subsequentibus
292 2117 432 2166 scribebatur
440 2119 511 2175 eciam,
520 2119 621 2175 atrritlcia,
629 2117 667 2176 ale,
677 2119 720 2166 &c

14 2243 16 2245 ,
49 2198 88 2247 ubi
97 2216 165 2247 nunc
183 2200 295 2261 temporis
312 2200 380 2256 alium,
398 2200 497 2256 araricitr'a,
508 2198 546 2246 alae
558 2200 600 2247 &c
610 2198 719 2261 legimus.

49 2279 129 2333 Quem
139 2279 413 2327 recentioremscribendi
420 2279 520 2327 modurn
531 2278 651 2342 amplexus
659 2295 720 2337 sum,

49 2375 102 2407 curn
115 2360 179 2408 nulla
199 2359 290 2408 adesset
306 2361 364 2408 ratio
377 2377 416 2408 cur
428 2376 466 2407 me
483 2358 525 2407 hac
537 2359 561 2408 in
573 2375 596 2407 re
614 2360 721 2423 scriptori

42 2488 72 2528 tl*
