1616 2703
267 70 290 98 DE
301 70 362 99 sxctto
374 70 476 100 SCAPULARI
668 68 707 111 329

28 148 117 193 tempore
125 144 221 183 interdicti
231 145 309 195 possint
317 145 383 184 divina
393 145 490 183 celebrare
497 145 563 194 januis
573 145 651 190 clausis,
667 157 707 183 non

29 212 112 261 pulsatis
124 214 234 263 campanis,
248 225 295 252 voce
307 214 427 261 submissa(
442 213 458 264 ).

54 281 128 320 Eodem
141 282 172 320 die
183 282 287 326 Ordinem,
298 292 399 332 personas,
419 284 462 321 loca
473 288 492 320 et
500 283 552 320 bona
565 283 648 321 fratrum
668 283 705 321 sub

29 361 64 388 sua
74 352 197 400 protectione
206 352 306 403 suscipit(
321 354 335 400 ).

56 420 91 458 Die
102 418 128 459 26
139 420 193 469 Sept.
218 431 266 471 1253
280 421 363 459 indulsit
381 421 440 470 priori
452 422 545 471 generali,
558 426 579 458 ut
592 421 655 470 possit
673 432 708 470 po-

30 489 126 527 stulantes
135 489 224 528 habitum
233 502 244 528 a
253 490 341 529 censuris
349 491 484 529 ecclesiasticis
496 491 599 529 absolvere
607 496 627 528 et
638 492 662 528 ad
671 491 708 528 Or-

30 558 97 596 dinem
106 558 209 597 admittere
220 557 258 611 (3)‚
269 570 346 598 necnon
356 560 458 598 absolvere
469 572 479 597 a
489 570 572 598 censura
587 560 638 598 dicta
646 559 708 598 Cano·

30 624 62 666 nis
73 628 99 666 ob
112 639 208 667 manuum
221 629 347 679 injectionem
363 630 418 667 inse
435 629 519 668 invicem
537 629 574 680 (4).
588 629 664 668 inhibet
683 638 708 666 ne

31 696 76 745 quis
85 696 108 733 de
121 696 183 735 hortis
194 702 214 734 et
223 681 315 747 virgultis
327 698 351 735 ad
365 697 461 735 Ordinem
474 698 610 747 spectantibus
622 694 713 736 decimas

30 765 108 814 exigere
119 772 227 815 praesumat
238 765 276 818 (5),
292 771 312 804 et
324 766 419 816 permittit
431 772 453 805 ut
466 766 519 816 prior
537 767 634 817 generalis
645 766 709 805 iratri-

30 835 68 873 bus
84 835 160 873 idoneis
180 836 276 874 licentiam
294 837 402 874 concedere
417 838 480 874 valeat
492 837 578 874 Verbum
591 836 625 875 Dei
638 835 708 884 praedi-

31 904 86 942 candi
94 909 113 942 et
124 904 354 944 coniessionestidelium
363 905 473 955 excipiendi
481 904 519 953 (6).

58 974 169 1011 Alexander
178 975 202 1012 lV
211 974 242 1012 die
254 975 325 1023 15Jan.
340 973 389 1023 1256
401 975 484 1013 indulsit
492 979 515 1012 ut
526 975 623 1024 generalis
632 979 651 1012 et
663 984 708 1023 pro-

33 1041 125 1080 vinciales
137 1041 214 1091 possint
230 1042 290 1081 libere
299 1054 334 1081 sua
346 1043 410 1082 officia
428 1053 523 1086 exercere,
539 1045 608 1081 iratres
623 1047 707 1087 mutare,

33 1111 110 1151 visitare
118 1118 138 1151 et
146 1113 250 1163 corrigere,
262 1124 339 1152 necnon
353 1113 436 1163 recipere
449 1113 536 1152 novitios
547 1115 584 1162 (7).
603 1114 649 1151 item
665 1121 708 1162 pro·

33 1181 87 1220 hibet
96 1182 190 1221 omnibus
200 1183 325 1221 ecclesiarum
341 1183 426 1232 praelatis
436 1194 461 1220 ne
470 1188 539 1221 contra
546 1188 637 1221 tenorem
647 1183 707 1232 privi-

33 1252 152 1302 regioruma
173 1252 264 1292 iratribus
284 1253 417 1292 obedientiam
435 1252 513 1304 exigere
531 1258 653 1303 praesumant
668 1253 706 1301 (8).

32 1321 66 1358 Die
75 1332 86 1372 3
96 1322 151 1359 Febr.
161 1322 249 1371 ejusdem
257 1323 303 1360 anni
315 1324 421 1360 confirmat
429 1324 518 1371 regulam
529 1333 563 1372 per
571 1322 707 1359 innocentium

32 1390 56 1427 lV
65 1389 173 1440 mitigatam
186 1396 205 1429 et
214 1391 343 1441 approbatam
353 1391 391 1444 (9).
403 1392 461 1442 Diep
481 1392 537 1429 Febr.
557 1395 637 1429 renovat
650 1391 709 1428 lacul-

31 1464 91 1498 tatem
103 1461 213 1499 celebrandi
222 1462 415 1510 temporeinterdicti
426 1460 477 1509 (ιο).
491 1462 562 1499 Eodem
572 1461 603 1499 die
609 1472 709 1499 commen·

32 1529 65 1567 dat
75 1530 144 1568 iratres
154 1541 187 1580 per
205 1530 224 1568 S.
241 1531 361 1569 Ludovicum
373 1531 393 1569 in
408 1530 490 1569 Galliam
506 1531 577 1569 ductos
592 1530 708 1579 benignitati

32 1598 192 1638 christifidelium
208 1602 226 1649 (ι
235 1600 260 1652 ι).
273 1601 307 1639 Die
319 1611 345 1649 24
364 1601 419 1639 Febr.
430 1601 519 1649 ejusdem
532 1600 579 1638 anni
602 1601 708 1638 confirmat

54 1774 73 1814 (ι)
89 1775 110 1807 L.
120 1785 135 1808 c.
144 1775 158 1808 Ι.
169 1775 196 1808 13.
207 1776 288 1808 Erronee
298 1776 334 1809 dat.
344 1776 366 1809 26
377 1776 426 1818 Sept.
439 1776 489 1809 1251.

71 1850 74 1852 ·
91 1834 159 1866 Bullar.
170 1834 249 1868 Carmel.
262 1844 287 1867 11.

50 2067 79 2109 (d)
89 2066 135 2100 Ibid.
145 2067 171 2101 13.

54 2127 75 2167 (7)
89 2125 135 2160 ibid.
148 2137 174 2168 14.

52 2183 73 2228 (8)
83 2182 131 2218 ibid.
141 2185 167 2218 15.

52 2241 74 2285 (9)
82 2241 129 2276 lbid.

52 2301 85 2343 (ιο)
96 2301 141 2336 ibid.
151 2303 177 2337 16.

53 2360 85 2402 (ιι)
95 2360 141 2396 Ibid.
