1616 2703
268 112 353 141 emortum
363 111 486 140 oeutuattuu
675 113 712 152 243

36 186 99 225 auxit.
112 187 140 224 De
152 187 209 236 cuius
218 187 348 236 amplioribus
357 186 419 236 gestis
429 186 548 235 supersedeo
561 198 605 224 cum
614 186 634 224 in
644 188 715 225 liuma-

40 258 70 295 nis
82 261 128 306 agat
139 268 164 295 ne
176 256 294 295 adulationis
306 262 340 295 aut
360 256 509 295 obtrectationis
530 255 618 294 inveniar
629 268 715 306 arguen-

39 326 85 364 dus.

66 394 156 445 (ibidem,
169 397 203 435 fol.
215 394 237 433 61
252 395 271 446 a)
281 396 335 434 Obiit
342 396 534 445 praetatusMagister
543 395 624 434 Pontius
634 396 716 434 Avinio-

40 477 65 504 ne
76 464 241 503 inconsummata
253 469 353 503 senectute
362 476 415 503 anno
427 465 506 503 Domini
523 476 579 514 1502,
593 466 683 514 sepultus
695 465 714 502 in

41 534 106 573 medio
118 534 172 572 chori
184 540 203 572 et
216 540 280 573 tectus
293 534 401 572 honorifice
411 535 480 573 tumba
492 546 553 579 aenea,
568 536 624 584 cujus
636 536 716 573 thesau-

41 616 84 642 rum
97 603 165 642 habuit
175 604 286 642 Alexander
297 605 348 653 l'apa
359 605 390 642 Vl.
403 604 434 655 (r)

67 673 89 711 Et
100 672 147 710 inde
164 673 273 712 instituitur
285 673 368 711 vicarius
378 674 472 723 Magister
487 675 545 712 frater
559 674 715 712 Michael‘Parini

41 743 115 786 Gallus,
129 742 148 780 in
160 742 220 780 Podio
233 747 298 790 natus,
312 744 382 781 doctor
399 744 519 789 Parisiensis,
538 743 626 792 optimus
639 743 675 781 tuit
687 755 717 781 re-

40 824 89 863 gens
101 817 218 858 ceterorum,
237 813 304 852 intota
319 822 355 852 sua
364 813 464 862 provincia
478 814 531 863 prior
551 819 571 852 et
590 814 653 864 major
664 814 716 862 apud

40 893 122 920 omnem
130 887 210 925 statum,
225 883 300 921 habens
310 884 368 921 etiam
376 883 534 933 jurisdictionem
544 895 567 921 ex
577 888 630 932 parte
642 883 716 922 summi

40 951 138 1001 pontificis
147 956 166 990 et
173 953 209 990 fuit
221 953 283 1002 major
291 953 455 1002 poenitentiarius,
467 953 513 991 inde
525 954 588 992 tactus
598 953 651 1002 prior
665 952 714 1005 (Fol.

41 1019 90 1073 bib)
101 1021 224 1070 provincialis
239 1028 258 1060 et
265 1023 349 1061 vicarius
361 1022 511 1072 generaliscitra
518 1027 606 1062 montes.
620 1023 717 1061 lliccom-

41 1092 110 1140 posuit
121 1091 206 1140 plurima
217 1092 326 1140 volumina7
337 1094 386 1141 'puta
405 1103 508 1130 sermones
525 1094 652 1142 temporales,
669 1103 717 1141 qua-

41 1160 181 1210 dragesimales
193 1166 213 1199 et
230 1163 357 1200 sanctorales.
368 1162 407 1208 Qn
417 1162 465 1208 obiit
481 1173 503 1200 ro
513 1162 543 1200 die
556 1162 654 1201 Februarii
664 1173 716 1200 anno

41 1230 121 1269 Domini
134 1228 190 1280 1516.

68 1392 155 1431 Tertium
171 1393 282 1442 catalogum
294 1393 409 1442 composuit

277 1493 386 1527 Johannes
398 1493 482 1527 Baleus¹

63 1587 163 1634 Jobannes
175 1586 243 1625 Baleus
257 1590 315 1625 natus
327 1587 347 1624 in
359 1586 432 1635 oppido
444 1586 474 1625 cui
485 1598 557 1624 nomen
570 1586 622 1624 Cove
633 1586 653 1624 in
666 1598 716 1636 pago

35 1655 154 1706 .Sudvolgiae
165 1656 196 1693 die
208 1667 230 1693 21
245 1655 363 1694 Novembris
378 1666 427 1707 1495
440 1655 588 1694 Carmelitarum
601 1655 661 1694 coetui
674 1666 717 1694 sese

40 1726 130 1775 adjunxit
140 1726 217 1764 Norvici
229 1736 281 1764 anno
297 1736 353 1774 1507.
369 1727 477 1774 Postquam
500 1726 582 1764 Galliam
595 1738 617 1764 ac
629 1725 716 1775 Belgiam

38 1795 100 1834 studii
110 1806 169 1834 causa
181 1800 317 1845 peragraverat
328 1807 381 1834 anno
397 1807 402 1833 r
409 1806 446 1847 529
458 1796 478 1833 in
491 1796 573 1845 collegio
582 1796 627 1843 Jesu
640 1806 718 1833 nuncu-

30 1870 87 1914 pato
102 1865 233 1915 Cantabrigiae
246 1866 383 1904 baccalaureus
395 1865 415 1904 in
427 1866 527 1914 theologia
536 1871 555 1903 et
564 1865 616 1913 Juris
629 1864 717 1903 canonici

41 1935 110 1974 doctor
119 1936 182 1974 tactus
194 1923 230 1974 est.
245 1937 304 1974 Anno
320 1947 367 1987 1533
379 1941 420 1974 erat
432 1936 485 1985 prior
494 1935 605 1985 Gippesvicl
614 1934 718 1986 (lpswich)
780 1968 782 1973 .

10 2015 12 2018 ·
41 2006 76 2043 sed
89 2005 189 2043 catholicae
201 2005 303 2055 religionis
314 2011 374 2055 atque
389 2006 434 2044 vitae
447 2005 542 2055 religiosae
554 2011 649 2055 pertaesus
664 2016 717 2043 anno

45 2073 93 2126 1536
113 2080 202 2124 apostata
221 2077 291 2120 tactus,
313 2087 396 2114 uxorem
416 2076 472 2114 duxlt
495 2081 514 2113 et
537 2076 589 2124 apud
611 2075 718 2113 Thornden

41 2145 160 2184 beneficium
178 2145 332 2185 ecclesiasticum
352 2147 390 2184 sub
406 2157 456 2184 nova
475 2145 576 2196 religionis
588 2147 651 2183 torma
667 2145 718 2184 obti-

43 2214 93 2253 nuit.
114 2215 173 2253 Anno
193 2225 243 2263 1540
260 2215 389 2254 Hollandiam'
400 2227 421 2254 se
440 2215 519 2265 recepit,
538 2215 609 2253 deinde
626 2213 659 2266 (15
677 2216 718 2253 Au-

42 2284 96 2333 gusti
115 2283 173 2336 1552)
190 2284 296 2335 episcopus
313 2285 439 2324 Ossoriensis
451 2286 472 2323 in
487 2285 578 2323 Hibernia
594 2285 718 2323 renuntiatus

66 2416 88 2460 (ι)
99 2415 145 2450 Vide
152 2426 189 2460 quo
197 2415 233 2450 fine
240 2416 259 2450 in
270 2416 357 2457 Bullario,
366 2417 427 2459 1.425.
