1616 2703
281 126 304 153 oa
317 126 333 154 s.
344 125 458 155 aanrnotoo
667 127 705 167 273

32 208 50 241 et
62 201 123 240 multa
131 205 238 240 munerum
248 201 363 251 profusione
372 201 543 245 dicitureffecisse,
552 207 572 240 et
583 206 624 256 tam
633 202 706 240 clerum

31 283 91 322 quam
104 270 212 320 principem
222 271 247 309 ad
259 270 278 308 id
287 270 398 321 impulisse,
406 282 429 309 eo
441 272 497 320 quod
506 271 549 319 ejus
565 276 618 309 esset
623 282 708 310 consan-

32 341 118 391 guineus
126 338 164 391 (1).
173 351 184 378 >›

57 411 110 449 Errat
126 409 208 458 insuper
221 409 306 460 Cyrillus
324 414 398 448 etcum
418 421 440 448 eo
460 415 561 460 quotquot
579 415 708 449 asseruerunt

31 479 167 531 Aymericum
177 478 238 517 ruisse
258 478 313 517 Sedis
333 479 481 528 Apostolicaein
493 479 552 518 Terra
563 480 632 517 Sancta
645 481 675 518 vel
685 480 705 517 in

31 550 83 600 Syria
92 550 187 597 legatum.
201 548 246 586 Tale
257 560 332 588 munus
345 560 455 599 numquam
468 549 561 592 exercuit,
574 561 640 598 neque
649 550 673 588 de
680 561 703 587 eo

31 618 102 659 sivein
114 618 256 667 diplomatibus
268 618 374 667 pontificiis
387 619 457 658 sivein
475 619 640 669 historiographis
658 630 706 658 con·

31 686 237 739 temporaneis(unico
247 687 319 738 Cyrillo
332 688 421 739 excepto)
430 700 454 726 ne
465 689 572 727 verbulum
584 689 665 737 quidem
678 689 708 726 in-

31 758 124 804 venitur;
137 768 202 805 neque
214 757 305 795 credibile
317 762 347 796 est
360 757 379 796 S.
394 757 464 795 Sedem
480 769 525 806 quae
537 770 547 794 e
559 763 627 796 contra
648 758 707 807 patri-

32 826 119 865 archatui
129 826 308 876 Hierosolymitano
318 828 343 865 ob
356 827 486 865 reverentiam
498 827 595 865 Dominici
605 826 708 876 Sepulchri

32 896 51 934 in
64 895 205 934 detrimentum
217 895 359 944 patriarchatus
371 896 490 934 Antiocheni
503 897 584 941 larebat,
598 902 661 934 totam
674 907 708 934 su-

32 977 63 1003 am
71 965 159 1015 politiam
167 965 255 1003 voluisse
264 976 363 1010 revocare,
370 966 419 1013 quin
427 965 493 1014 potius
500 966 608 1014 patriarcha
618 966 709 1007 Hieroso·

32 1035 139 1084 lymitanus
146 1045 192 1072 cum
200 1033 318 1085 Aymericus
326 1034 442 1073 scandalum
450 1040 541 1072 exortum
549 1035 575 1072 ob
587 1034 705 1073 adulterium

32 1103 141 1142 Boemundi
152 1103 171 1141 lli
183 1103 276 1153 principis
284 1104 401 1141 Antiocheni
412 1103 526 1152 extinguere
537 1104 627 1152 nequiret
636 1105 707 1142 Antio-

33 1173 96 1210 chiam
109 1183 131 1210 se
145 1172 229 1211 contulit
240 1184 264 1210 ae
278 1172 335 1211 Sedes
346 1173 455 1220 Apostolica
470 1174 552 1222 legatum
573 1173 657 1211 mitteret
668 1171 677 1225 (
690 1172 706 1224 ).

32 1243 75 1280 Non
88 1246 118 1280 est
129 1242 189 1291 igitur
206 1253 275 1281 verum
296 1242 423 1292 Aymericum
442 1243 502 1279 ullam
516 1242 674 1290 jurisdictionem
686 1243 707 1280 in

32 1310 89 1349 Terra
100 1311 169 1350 Sancta
185 1311 311 1360 possedisse;
325 1311 380 1361 quod
397 1311 413 1349 si
424 1322 490 1349 revera
506 1311 612 1350 Bertholdo
624 1323 708 1352 consan—

32 1380 105 1428 guineo
115 1392 152 1418 suo
164 1380 184 1418 in
202 1380 325 1418 instituenda
337 1379 494 1430 congregatione
509 1380 529 1417 in
544 1381 612 1419 Monte
623 1381 708 1421 Carmeli

32 1448 103 1487 auxilio
115 1449 179 1494 fuerit,
192 1449 283 1487 amicitiae
301 1460 356 1499 ergo,
370 1460 411 1487 non
423 1448 441 1486 vi
453 1449 536 1499 alicuius
552 1449 603 1499 iuris
619 1450 639 1488 id
655 1450 704 1500 egit.

31 1517 75 1556 Non
92 1518 145 1556 enim
163 1519 226 1557 deruit
244 1518 280 1557 sibi
296 1518 372 1556 occasio
384 1518 482 1557 invisendi
500 1518 636 1557 Bertholdum.
655 1520 707 1558 Cum

31 1587 136 1626 Rainaldus
148 1588 173 1626 de
184 1588 302 1626 Castellione
317 1587 409 1637 princeps
429 1588 541 1626 Antiochiae
560 1588 640 1626 viduam
659 1588 705 1627 Rai-

32 1656 100 1694 mundi
112 1657 263 1706 praedecessoris
275 1657 305 1695 sui
315 1668 398 1695 uxorem
420 1656 499 1695 duceret
511 1668 541 1695 res
557 1657 657 1706 displicuit
673 1669 707 1707 pa-

22 1712 131 1774 *triarchae3
145 1726 191 1764 inde
210 1727 270 1764 verba
282 1731 301 1763 et
315 1725 359 1764 odia
374 1731 420 1764 nata
437 1731 499 1764 sunt:
513 1737 526 1763 <r
544 1732 613 1765 motus
626 1727 646 1765 in
657 1727 708 1765 indi-

31 1795 144 1842 gnationem
166 1795 257 1845 princeps
280 1795 394 1844 patriarchae
417 1795 516 1834 violentas
534 1795 601 1845 injecit
625 1807 705 1841 manus,

31 1862 137 1914 ipsumque
149 1870 230 1914 captum
241 1865 260 1903 in
270 1866 372 1903 castellum
383 1864 452 1903 deduci
460 1865 569 1913 iecit,quod
576 1865 624 1904 satis
631 1866 708 1906 videtur

32 1932 162 1972 abominabile
171 1934 294 1972 sacerdotem
304 1935 427 1982 longaevum,
436 1934 485 1971 Petri
498 1935 637 1982 apostolorum
654 1935 708 1985 prin-

32 2000 78 2049 cipis
94 2013 238 2046 successorem,
252 2002 316 2040 virum
329 2002 476 2050 aegrotativum,
488 2013 538 2051 pene
549 2008 645 2052 perpetuo
655 2004 708 2042 inhr-

32 2076 126 2117 mantem,
140 2072 195 2111 nudo
210 2072 273 2122 capite
285 2077 304 2110 et
317 2072 375 2109 melle
386 2071 475 2109 delibuto
494 2083 528 2121 per
542 2072 594 2110 diem
615 2074 707 2113 aestivum

33 2139 51 2176 in
69 2142 109 2179 sole
120 2141 267 2180 ferventissimo
280 2140 376 2190 compulit
394 2140 468 2187 sedere,
482 2140 562 2178 nemine
574 2147 642 2181 contra
661 2143 708 2182 solis

32 2207 202 2259 importunitatem
214 2210 315 2260 praebente
328 2208 445 2254 remedium,
455 2210 486 2247 vel
498 2209 561 2261 gratia
573 2210 650 2260 pietatis
663 2223 708 2250 rnu-

54 2354 191 2399 (1)Gulielrnus
202 2357 294 2402 Tyrensis,
306 2358 374 2402 hligne,
386 2359 404 2392 P.
416 2359 437 2393 L.
447 2365 459 2391 t.
470 2358 516 2400 CCI,
526 2358 610 2393 coloso.

55 2413 84 2458 (2)
96 2415 142 2450 Ibid.
155 2416 189 2450 col.
200 2417 285 2452 852-855.

621 2492 637 2518 rs
