1631 2703
95 126 121 172 34
350 115 518 160 consrn'unouas

97 210 162 244 rantes
175 196 294 254 si-tempore
306 206 422 244 comedendi
434 206 464 244 vel
481 203 593 254 hospitandi
610 202 634 240 ad
650 204 771 239 conventum

97 271 164 314 venire
177 274 263 324 poterint
272 274 291 313 in
300 276 345 313 villa
356 276 388 314 ubi
397 276 482 313 domum
491 275 594 318 habemus,
603 269 696 323 alibiJnon
708 281 772 308 come-

98 340 152 389 dant,
166 339 204 382 n'ec
219 343 350 393 hospitentur,
369 346 400 384 vel
412 344 465 394 apud
477 343 578 393 religiosos
590 342 621 381 vel
633 351 772 390 quoscumque

97 415 146 452 alios
155 414 253 452 dormiant
262 415 292 451 vel
305 420 403 459 maneant,
415 414 452 452 nisi
470 418 571 452 conventu
588 411 643 461 prius
659 410 737 449 visitato
754 415 773 448 et

97 484 174 522 licentia
186 483 251 521 habita
263 496 273 521 a
286 484 349 533 priore
358 483 443 533 generali
451 484 482 522 vel
491 482 603 532 provinciali
614 481 717 530 subpoena
729 491 773 529 gra-

98 553 160 592 vioris
169 554 232 602 culpae
241 553 422 603 transgressoribus
431 553 544 603 infligenda.
558 564 577 591 2.
593 550 719 603 lremjrrarres
731 561 772 588 non

99 623 180 663 veniant
191 622 216 661 ad
224 622 313 672 hospites
321 625 353 663 vel
367 624 392 662 ad
403 625 472 662 fratres
484 623 532 662 alios
545 627 598 662 extra
610 620 733 675 refectorium
743 632 774 658 co-

100 693 202 731 medentes
211 693 288 742 absque
296 694 373 732 licentia
393 693 470 743 prioris.
481 692 519 732 Sed
533 705 567 743 per
578 694 657 731 fratrem
674 691 702 729 eis
717 691 774 729 mini-

100 767 195 801 strantem
205 774 264 801 suum
275 763 417 813 negotium-eis
429 763 520 802 intiment
533 763 570 802 sub
585 773 644 812 poena
653 761 723 799 mediae
734 762 775 799 cul-

101 844 138 882 pae.
152 843 171 881 3.
187 832 226 871 Nec
238 831 293 871 liceat
303 832 418 882 hospitibus
430 833 460 871 vel
470 832 512 871 aliis
521 832 613 871 tratribus
625 831 663 870 nisi
678 831 702 870 de
716 831 775 870 licen-

101 902 127 939 tia
136 901 206 951 prioris
215 901 252 939 loci
262 903 314 951 apud
326 914 387 952 quem
397 907 444 941 sunt
454 900 532 952 recepti,
546 890 598 940 exire
610 894 665 951 septa
677 901 721 946 loci,
737 901 775 939 sub

101 982 162 1022 poena
172 970 268 1021 gravioris
286 973 355 1025 culpae.
367 973 413 1011 >Nec
429 972 503 1021 aliquid
515 977 582 1017 emant
600 971 637 1010 nisi
658 982 694 1021 pro
706 975 774 1021 empto

102 1037 188 1091 pretium
207 1040 273 1079 statim
294 1043 378 1086 solvant,
400 1053 436 1079 nec
456 1046 527 1080 mutuo
539 1041 613 1090 aliquid
630 1040 723 1090 recipiant
735 1041 777 1079 sine

103 1111 153 1150 scitu
163 1110 281 1160 priorisvloci
294 1116 313 1149 et
324 1111 408 1157 licentia,
421 1111 459 1150 sub
471 1122 530 1160 poena
541 1111 714 1161 proprietariorum
728 1110 777 1149 inili-

102 1180 173 1230 genua.
190 1190 210 1228 4.
220 1181 268 1218 ltem
278 1184 317 1219 tam
327 1181 402 1230 priores
412 1192 472 1230 quam
482 1181 556 1220 subditi
568 1181 593 1219 ad
604 1180 652 1219 alios
664 1185 776 1219 conventus

103 1250 205 1288 venientes
217 1261 258 1288 suae
272 1250 377 1299 provinciae
388 1251 418 1289 vel
430 1250 497 1289 alienae
507 1251 551 1289 etin
561 1250 589 1289 eis
597 1251 703 1293 veleorum
713 1251 777 1289 termi-

104 1320 134 1367 nis
146 1319 290 1369 delinquentes,
305 1321 380 1370 priores
390 1320 524 1370 provinciales,
535 1321 565 1359 vel
575 1320 726 1367 conventuales,
742 1332 777 1359 seu

104 1401 173 1427 eorum
183 1389 247 1427 vicarii
259 1389 278 1443 111
293 1402 379 1439 quorum
389 1389 479 1428 terminis
489 1390 562 1428 fuerint
574 1390 655 1435 inventi,
668 1390 723 1439 ipsos
735 1402 777 1429 cor-

104 1459 180 1508 rigendi
192 1459 272 1497 liberam
285 1461 370 1499 habeant
379 1465 497 1510 potestatem
508 1460 618 1499 secundum
632 1460 707 1498 ordinis
722 1461 778 1499 insti-

104 1533 154 1567 tuta.

109 1636 111 1639 ,
132 1609 150 1648 5.
166 1599 213 1636 ltem
223 1598 329 1638 statuimus
341 1600 395 1648 quod
411 1600 464 1638 nulla
477 1600 548 1639 mulier
560 1600 671 1649 hospitetur
682 1600 702 1638 in
715 1601 778 1639 domi-

103 1668 142 1706 bus
151 1668 231 1713 nostris‚
243 1680 279 1707 nec
288 1669 358 1718 aliquis
366 1671 424 1708 trater
432 1670 457 1708 ud
469 1682 559 1709 mensam
572 1670 678 1708 mulierum
688 1672 779 1709 comedat

104 1738 154 1776 inira
161 1743 216 1787 septa
227 1738 271 1783 loci,
282 1744 363 1789 excepta
372 1740 493 1789 competenti
506 1740 622 1779 necessitate
628 1745 647 1778 et
656 1740 732 1779 licentia
741 1741 780 1790 pri-

105 1809 144 1854 oris
153 1808 238 1857 speciali,
249 1808 287 1847 sub
295 1820 354 1859 poena
363 1810 428 1859 gravis
441 1811 511 1859 culpae.
521 1800 562 1849 Nec
572 1810 635 1859 aliqua
648 1810 718 1848 mulier
733 1811 780 1849 visi-

104 1883 132 1916 tet
143 1878 252 1916 claustrum
261 1880 291 1916 vel
304 1879 393 1917 officinas
408 1879 517 1924 interiores,
535 1880 573 1918 nisi
586 1884 676 1917 matrona
688 1880 777 1924 honesta,

104 1948 136 1986 vel
145 1947 210 1996 aliqua
221 1947 256 1986 alia
268 1948 326 1987 bonae
338 1950 396 1987 lamae
408 1949 438 1988 cui
451 1949 494 1988 sine
506 1950 599 1994 scandalo
612 1960 651 1987 non
667 1950 738 1998 poterit
749 1950 780 1988 de·

106 2017 180 2066 negari,
191 2021 213 2055 et
222 2022 268 2055 tunc
277 2030 323 2056 cum
333 2019 415 2057 honesta
425 2024 444 2056 et
453 2019 572 2068 competenti
584 2018 676 2057 comitiva
688 2023 707 2056 et
719 2020 781 2058 tratri-

105 2087 144 2125 bus
151 2086 281 2136 praemunitis,
294 2086 324 2139 (1)
331 2089 368 2126 sub
378 2100 437 2138 poena
446 2088 511 2137 gravis
520 2089 590 2138 culpae.
598 2087 727 2142 6.Saeculares
734 2101 780 2130 vero

106 2168 147 2205 non
159 2156 192 2194 diu
204 2162 307 2195 morentur
318 2158 368 2195 inter
381 2159 450 2196 tratres
466 2164 536 2206 praeter
550 2159 662 2203 servientes,
680 2170 705 2196 ne
716 2160 781 2208 aliqua

106 2228 210 2263 occasione
223 2227 274 2263 fama
292 2227 367 2265 ordinis
382 2227 491 2272 minuatur,
505 2228 542 2266 sub
555 2240 615 2277 poena
626 2228 692 2277 gravis
708 2230 779 2278 culpae.

106 2304 125 2342 7.
133 2294 180 2333 vNec
188 2295 258 2344 aliquis
268 2296 365 2335 saecularis
378 2297 402 2335 ad
412 2301 484 2335 certam
495 2297 607 2346 portionem
618 2297 727 2347 recipiatur,
741 2298 779 2337 sub

112 2434 151 2485 ’[Ι)
163 2441 204 2478 1.ε;
218 2440 338 2487 praemonitis.
