1631 2703
108 105 136 144 80
369 114 529 148 consmunoues

112 199 114 201 ’
138 201 168 241 19·
181 189 200 228 Si
212 201 258 228 vero
276 190 378 227 absentem
395 191 497 239 contingat
508 191 552 240 eligi
568 190 587 229 in
597 191 684 240 priorem
704 189 783 239 provin-

108 260 176 297 cialem
186 261 217 299 vel
229 260 332 305 vicarium,
345 260 439 299 volumus
451 261 505 309 quod
518 273 552 310 per
561 261 643 300 litteras
652 260 745 311 sigillatas
757 260 783 298 si-

108 330 155 379 gillo
172 328 274 367 communi
287 329 417 378 provinciaea
437 329 553 378 praesidente
565 331 608 380 ejus
626 330 702 368 electio·
711 329 783 367 counr-

110 404 181 438 metur.
200 410 233 437 20.
250 400 334 444 Quando
347 403 412 437 autem
431 400 484 448 prior
500 399 625 449 provincialis
642 400 707 439 iturus
718 403 748 438 est
759 399 783 437 ad

109 469 218 518 capitulum
227 469 324 517 generale,
334 468 400 507 electis
413 469 553 508 diffinitoribus
571 474 590 508 et
602 469 649 519 ipsis
662 469 784 518 presidenti-

109 538 154 583 bus,
168 539 230 586 culpae
240 537 310 586 prioris
319 537 442 587 provincialis
452 538 472 576 in
486 539 529 587 eius
538 539 642 588 praesentia
651 538 755 577 audiantur
764 542 784 576 et

110 607 126 645 si
138 619 183 656 quae
192 606 242 658 (Fol.
263 604 288 644 26
300 605 320 657 a)
339 607 411 645 fuerint
423 608 520 646 notabiles
532 614 551 646 et
563 613 638 658 negatae
650 619 684 657 per
696 619 749 652 eum,
763 607 783 646 in

110 678 152 726 eius
164 676 252 715 absentia
264 676 368 726 diligenter
378 677 514 716 examinentur
523 682 542 716 et
549 678 597 716 dum
610 678 730 717 sufficienter
739 688 784 727 pro-

109 747 160 784 batae
171 745 244 784 fuerint
255 746 275 784 in
288 746 366 795 scriptis
376 747 496 795 redigantur,
509 752 532 785 ut
543 758 578 797 per
587 758 634 786 suos
644 747 709 785 socios
724 746 784 795 priori

110 816 195 866 generali
207 827 228 853 ae
249 814 389 854 diffinitoribus
403 816 481 866 capituli
493 817 588 866 generalis
600 817 637 855 sub
650 816 714 867 sigillo
730 827 785 855 com-

111 886 168 925 muni
178 886 285 935 provinciae
297 890 448 935 praesententur.

138 967 170 993 21.
182 955 280 993 Volumus
291 954 421 994 nihilominus
429 956 483 1004 quod
493 956 591 1005 praedictae
599 956 668 994 litterae
677 967 712 1005 per
722 967 784 994 unum

110 1025 134 1062 de
146 1023 286 1063 diffinitoribus
297 1024 317 1062 in
330 1025 415 1074 capitulo
428 1025 541 1074 provinciali
553 1027 643 1075 legantur
662 1030 681 1063 et
698 1025 786 1075 sigillen-

109 1099 142 1133 tur
154 1095 173 1132 in
186 1094 290 1143 praesentia
299 1094 369 1143 prioris
381 1094 506 1144 provincialis
518 1099 537 1132 et
549 1094 594 1133 dicti
615 1094 693 1144 capituli
706 1095 786 1144 provin-

111 1164 171 1212 cialis,
184 1163 210 1202 ira
221 1164 324 1202 dumtaxat
334 1164 389 1212 quod
398 1165 479 1202 nomina
488 1164 635 1203 testificantium
648 1165 714 1214 culpas
723 1163 786 1214 ipsius

112 1234 238 1282 provincialis
248 1232 284 1272 sibi
297 1245 338 1271 non
350 1233 492 1282 exprimantur,
509 1239 528 1272 et
539 1234 593 1283 quod
607 1234 670 1272 eidem
685 1234 742 1272 detur
753 1245 786 1272 co-

112 1303 144 1352 pia
153 1303 177 1342 de
186 1302 248 1352 culpis
259 1303 300 1342 suis
310 1308 417 1353 postquam
427 1303 496 1342 litterae
506 1304 578 1343 suerint
589 1303 686 1353 sigillatae.
700 1303 786 1342 Caveant

112 1378 179 1411 tamen
192 1372 309 1411 diffinitores
316 1373 394 1422 capituli
403 1373 527 1422 provincialis
534 1374 602 1423 culpas
612 1372 735 1423 provincialis
744 1373 786 1423 jam

112 1442 207 1481 absentati
219 1443 240 1481 in
255 1443 325 1481 eodem
335 1442 419 1492 capitulo
432 1442 569 1487 examinatori,
580 1454 605 1481 ne
614 1442 698 1492 aliquam
709 1453 787 1481 accusa-

111 1512 186 1551 tionem
199 1512 219 1550 in
234 1512 312 1561 scriptis
327 1512 429 1561 recipiant,
443 1513 480 1551 nisi
500 1524 534 1562 per
547 1523 641 1563 personas
659 1511 698 1550 fide
716 1512 786 1562 dignas

112 1583 194 1631 probata
204 1582 262 1621 suerit
271 1582 397 1621 sufficienter.

138 1663 171 1690 22.
182 1652 233 1691 Cum
249 1656 315 1690 autem
331 1652 395 1701 culpae
407 1652 477 1701 prioris
493 1651 618 1702 provincialis
630 1652 658 1690 sic
671 1650 787 1690 examinate

111 1722 190 1768 fuerint,
201 1723 300 1772 eligantur
312 1721 348 1761 sibi
360 1722 385 1759 de
398 1727 439 1761 tota
454 1722 554 1772 provincia
567 1723 606 1761 duo
621 1721 676 1767 socii,
690 1726 709 1760 et
720 1720 786 1760 statim

111 1792 136 1830 de
153 1792 217 1842 priore
233 1791 346 1841 provinciali
362 1796 381 1830 et
392 1791 472 1830 duobus
488 1791 546 1831 sociis
558 1792 623 1830 electis
639 1790 715 1841 primus
727 1796 746 1829 et
757 1801 788 1838 ses

111 1862 189 1901 cundus
207 1861 302 1900 diffinitor
320 1873 356 1911 pro
374 1862 460 1911 capitulo
480 1861 565 1911 generali
585 1862 674 1911 eligatur.
695 1861 721 1898 lta
733 1860 787 1910 quod

112 1933 180 1971 nullus
193 1932 218 1970 sit
227 1931 322 1970 diffinitor
332 1931 352 1969 in
364 1931 443 1970 duobus
455 1931 545 1981 capitulis
556 1930 669 1969 immediate
681 1930 788 1969 succeden-

111 2002 166 2041 tibus
179 2002 216 2040 nisi
226 2002 245 2040 in
255 2013 301 2040 casu
312 2005 429 2051 praenotato.
443 2001 542 2040 Praedictis
562 2006 627 2040 autem
640 2001 699 2040 sociis
716 2001 789 2039 dentur

112 2071 173 2110 literae
195 2071 338 2111 testimoniales
358 2082 417 2121 super
434 2071 528 2109 electione
538 2071 667 2110 diffinitorum
686 2074 705 2108 et
724 2069 788 2108 socio-

112 2154 155 2180 rum
164 2142 304 2191 preedictorum
312 2153 345 2191 per
352 2140 468 2179 diffinitores
475 2142 554 2190 capituli
561 2141 692 2191 provincialis,
701 2144 720 2178 et
728 2150 788 2190 super

112 2211 255 2251 constituendis
273 2218 292 2250 et
312 2211 428 2251 amovendis
444 2212 464 2250 in
479 2212 564 2261 capitulo
576 2211 668 2262 generali,
684 2210 721 2249 sub
734 2221 788 2248 com-

113 2283 169 2321 muni
179 2282 242 2332 sigillo
256 2282 334 2332 capituli
348 2281 480 2332 provincialis,
493 2286 512 2320 et
527 2282 585 2320 etiam
598 2282 622 2320 de
634 2281 698 2331 culpis
710 2279 789 2330 provin-

113 2352 173 2391 cialis.
187 2364 221 2405 23.
232 2352 358 2401 Electisvero
371 2351 429 2391 sociis
439 2357 458 2391 et
470 2351 576 2391 diffinitore
588 2363 623 2402 pro
636 2351 721 2401 capitulo
731 2361 789 2400 gene·

113 2422 147 2461 rali
155 2423 222 2462 statim
234 2422 318 2462 vicarius
326 2422 351 2462 ad
363 2422 512 2462 custodiendam
522 2422 600 2462 interim
610 2420 731 2472 provinciam
744 2421 788 2459 loco
