1631 2703
85 97 109 146 8'8
336 100 496 145 consrnunones
545 133 548 136 «

84 187 126 228 lum
137 190 254 239 provinciale
263 191 374 240 protecturi.
385 192 455 229 Nullus
464 191 547 240 eligatur
559 190 580 228 in·
588 189 712 228 diffinitorem
722 200 753 226 ca-

85 259 141 307 pituli
153 259 248 308 generalis
265 260 284 297 in
302 260 380 297 duobus
394 259 483 308 capitulis
501 259 625 309 generalibus
641 257 753 296 immediate

85 328 243 373 succedentibus,
254 328 291 365 nisi
303 328 323 365 in
335 339 380 366 casu
394 328 484 377 superius
493 332 567 366 notato.

270 411 296 449 Dr
311 410 387 449 :lectuna
399 412 466 460 {triario
476 410 567 460 prnrrnlia.

115 507 144 534 11.
157 496 212 534 Elec
199 500 226 534 ro
236 507 306 545 pnons
317 488 455 544 generalrsfia
467 496 504 533 hoc
514 480 587 533 modo
600 493 694 552 Singulis
694 498 721 532 ra
723 505 754 532 res

86 563 120 612 qui
132 564 152 602 in
159 564 214 619 capit
206 564 248 603 tulo
258 564 342 612 generali
352 564 424 601 tuerint
435 563 557 612 congregati,
571 564 621 601 tacto
633 562 726 600 scrutinio
736 567 756 606 et

87 632 173 686 exclusis
185 632 278 671 omnibus
290 631 324 680 qui
334 643 373 669 non
383 636 429 669 sunt
439 632 462 687 de
473 632 549 689 gremio
561 631 639 680 capituli
650 618 754 690 generalis

88 712 154 744 coram
172 701 287 754 praesidente
299 696 360 738 unum
373 701 450 737 fratrem
463 701 487 737 de
499 700 590 757 religione
605 704 650 737 nost
652 710 678 744 ra
695 710 754 747 quem

88 769 136 807 adt
128 773 205 810 tantum
223 769 309 806 officium
328 767 436 816 digniorem
449 767 610 812 existimaverint,
623 765 714 821 [quibus]
726 778 756 805 se-

87 841 138 874 crete
147 837 334 877 nominandofrdelit
326 841 355 874 ter
364 837 464 885 eligente
454 837 566 874 etvicarius
575 847 608 884 qut
604 836 701 884 capitulo
708 847 757 885 prae-

88 909 118 958 est
129 917 173 947 cum
186 905 264 942 duobus
276 904 414 942 diffinitoribus
426 905 532 953 primarum
545 903 691 953 provinciarum
707 904 757 941 dicta

89 973 212 1022 singulorum
225 973 341 1010 conscribat.
360 973 386 1010 lta
404 973 457 1021 quod
469 972 520 1010 idem
538 973 620 1010 vicarius
637 972 701 1021 primo
719 973 756 1009 ele-

89 1041 174 1095 ctionem
187 1052 243 1079 suam
251 1041 328 1095 scribat,
339 1041 381 1078 aliis
390 1041 521 1079 nescientibus
529 1053 588 1090 quem
598 1041 628 1078 ille
640 1030 726 1089 elegerit,
736 1045 757 1082 iet

90 1110 190 1149 secundus
201 1109 250 1153 (Fol.
264 1120 289 1159 29
301 1107 321 1158 a)
332 1109 423 1146 audiente
437 1110 479 1147 solo
491 1109 569 1154 vicario,
582 1114 602 1146 et
610 1099 679 1147 tertius
690 1120 756 1146 coram

89 1177 127 1223 illis
138 1178 216 1216 duobus
228 1188 297 1214 vocem
309 1189 364 1215 suam
383 1178 440 1215 dieat.
459 1178 532 1215 Deinde
544 1177 615 1226 singuli
627 1178 709 1215 aliorum
726 1189 758 1215 co-

90 1256 130 1285 ram
144 1245 181 1286 illis
193 1245 263 1289 t,ribus
277 1249 295 1282 et
288 1245 334 1282 tsic
348 1245 367 1282 in
377 1245 446 1283 eodem
459 1246 502 1283 loco
517 1250 550 1283 an
542 1234 621 1294 equam
634 1246 723 1283 recedant
731 1231 757 1282 ab

89 1314 173 1352 invicem
185 1314 245 1362 script
247 1326 280 1352 um
293 1315 409 1363 publicant
404 1326 423 1351 m
441 1315 506 1352 medio
517 1326 583 1352 coram
594 1315 665 1353 vicario
676 1326 757 1376 genera-

90 1382 109 1426 li,
131 1387 150 1421 et
162 1382 181 1419 in
199 1393 257 1430 quem
282 1382 399 1433 majorpars
413 1389 432 1420 et
452 1383 517 1420 sanior
539 1383 629 1420 omnium
642 1372 756 1431 eligentium

90 1451 237 1491 concordaverit
230 1451 286 1501 t(ita
299 1452 416 1489 videlicetu
403 1456 472 1489 sutua
482 1463 526 1501 pars
543 1441 607 1500 partes
618 1451 708 1490 omnium
722 1452 758 1489 ele-

89 1523 166 1558 ctorum
179 1519 293 1565 conjunctas
305 1518 392 1569 superet)
401 1519 453 1567 prior
464 1520 560 1568 generalis
571 1520 672 1558 habeatur.
689 1531 718 1557 12.
728 1520 758 1557 Sic

89 1593 155 1634 tamen
167 1587 220 1636 quod
233 1587 364 1636 publicatione
376 1599 447 1626 vocum
460 1589 514 1633 iacta,
526 1588 602 1637 primu's
614 1588 638 1626 de
659 1588 726 1638 majori
740 1593 759 1626 et

89 1642 160 1703 saniori
180 1661 232 1711 parte
244 1656 358 1694 electionem
377 1668 506 1694 communem
519 1657 574 1694 iaciat
587 1668 652 1694 coram
665 1657 759 1712 omnibus
791 1674 793 1676 ·

89 1725 109 1763 in
119 1725 154 1764 hac
166 1726 235 1764 lorma
251 1725 315 1762 Primo
332 1725 417 1773 requirat
430 1725 478 1764 alios
490 1726 523 1775 qui
535 1726 554 1763 in
566 1726 656 1774 eligendo
668 1738 679 1764 a
691 1726 758 1776 majori

91 1798 145 1842 parte
126 1793 288 1841 tediscordant
311 1794 364 1842 quod
384 1794 491 1832 assentiant
513 1794 533 1852 in
553 1795 601 1832 elec
594 1800 636 1832 um
658 1807 669 1831 a
691 1795 759 1843 majori

91 1867 151 1910 parte
162 1862 236 1906 Deinde
248 1861 288 1899 sire
296 1861 403 1899 assentiant
411 1862 452 1900 sine
461 1874 501 1900 non
517 1851 630 1906 assentiant,
648 1853 758 1901 dummodo

91 1931 168 1969 nullum
189 1930 242 1968 aliud
260 1930 423 1979 impedimentum
445 1919 555 1979 legitimum
577 1936 669 1980 appareat
689 1931 757 1970 dicat:

90 2000 128 2049 Ego
139 2000 164 2038 N.
178 1999 228 2042 talis,
245 1999 320 2036 rrernine
335 2011 375 2036 meo
388 2002 408 2036 et
419 1985 492 2037 nonime
502 2000 585 2037 omnium
596 2000 677 2037 eliorum
689 2012 759 2038 meeum

90 2068 111 2105 in
122 2068 248 2108 nominatione
258 2070 278 2104 et
286 2055 410 2115 preblieeiione
426 2054 491 2106 neemia
501 2069 520 2106 in
530 2070 585 2106 telem
590 2071 673 2118 fratrem
682 2080 758 2106 eoncor-

89 2121 184 2185 denlinm,
194 2136 241 2186 eligo
261 2137 316 2173 telem
335 2136 355 2173 in
367 2137 449 2183 priorem
462 2138 568 2186 generalem
584 2137 646 2175 nostri
656 2137 727 2175 ordinis
737 2138 758 2180 in

90 2216 143 2254 quem
125 2204 212 2249 retiam
226 2205 273 2241 teies
284 2206 355 2242 erratas
363 2207 439 2243 emeseni
431 2194 482 2243 iinnt
474 2205 595 2254 tsupposito
609 2205 663 2254 quod
675 2217 758 2255 consen-

90 2274 158 2312 serint.
174 2274 220 2317 Post
232 2274 268 2311 hoc
281 2274 392 2333 pronuntiet
404 2286 449 2312 eum
461 2275 481 2312 in
493 2275 521 2313 vir
522 2280 563 2313 tute
565 2274 669 2327 privilegii
678 2280 756 2324 aposto-

90 2343 119 2392 lici
131 2342 195 2382 ordini
208 2342 276 2380 induit
263 2347 277 2380 tr
290 2343 331 2380 iore
345 2330 448 2381 confirmat
441 2348 491 2382 t.um
