1631 2703
208 127 257 155 ACTA
268 127 328 155 carin:
341 127 408 155 GENER.
424 130 442 154 il.
460 128 478 154 D.
497 127 553 164 1342.
678 125 710 162 141

52 222 54 237 2
74 202 121 240 ltem
132 200 151 239 in
164 201 239 239 rubrica
251 200 307 239 tertia
322 201 345 238 de
360 200 427 238 divino
438 200 502 246 officio
517 200 599 238 addatur
618 199 672 249 quod
691 201 715 237 de

48 269 152 308 Sororibus
164 269 224 306 beatae
232 269 304 312 Mariae,
315 269 388 306 scilicet
399 269 456 305 Maria
466 268 530 315 Jacobi
540 274 559 306 et
568 269 625 306 Maria
638 268 716 305 Salome

49 338 68 376 in
85 338 116 375 die
131 338 191 375 saneti
204 337 275 375 Urbani
290 338 323 375 frat
335 337 421 375 officium
434 337 485 384 sicut
499 337 518 374 in
536 338 586 375 sesto
602 336 673 385 duplici
688 342 718 375 est

50 412 148 444 notatum.
601 452 604 456 ⁴

76 474 122 512 item
132 474 228 512 inseratur
237 473 309 511 ibidem
325 474 378 522 quod
390 478 456 512 octava
468 474 492 511 de
501 473 587 522 Corpore
601 473 680 518 Christi,
693 474 717 511 de

41 543 144 581 omnibus
156 542 232 581 Sanctis
248 547 268 580 et
282 543 306 580 de
319 542 390 580 Sancto
404 543 496 580 Michaele
506 554 539 590 per
550 547 613 580 totum
628 542 717 579 ordinem

51 610 165 665 solemniter
181 611 296 649 celebretur.
311 612 357 664 ltem
375 611 480 649 statuimus
497 610 550 658 quod
566 610 597 647 illa
614 609 719 658 antiphona

51 681 93 718 Aac
103 679 168 728 regina
176 681 266 728 coelorum
277 682 337 717 arator
351 680 401 729 regis
412 685 448 717 etc.
459 690 505 717 cum
516 676 540 726 >h
559 678 599 716 Ora
613 683 649 725 pro
666 679 720 716 nobis

52 754 71 787 et
81 748 116 786 Or.
128 749 208 798 Protege
219 749 305 793 Domine,
316 754 361 797 post
368 748 440 797 gratias
449 758 527 796 semper
539 747 614 785 dicatur
629 758 639 784 a
657 746 720 784 iratri-

52 816 90 854 bus
99 816 173 854 ordinis
180 821 233 854 extra
242 817 323 854 chorum
333 816 366 854 ubi
376 817 413 854 hoc
421 816 526 854 commode
533 816 604 864 poterit
612 815 718 853 observari.

77 885 124 922 ltem
136 884 155 922 in
170 884 253 922 Rubriea
265 885 290 932 ll(
305 885 328 922 de
340 884 451 932 hospitibus
465 884 601 922 itinerantibus
612 882 643 933 (1)
652 883 719 921 statui-

42 963 99 997 mus
112 952 166 1001 quod
178 953 269 1004 hospites·
280 952 393 1001 intransitu
407 954 457 991 ultra
470 957 509 991 tres
525 952 567 989 dies
584 952 604 989 in
621 957 720 989 conventu

52 1021 136 1066 PatFol.
161 1018 297 1071 46b)rysiensi
324 1025 446 1058 remanentes
471 1022 548 1058 solvant
576 1031 612 1068 pro
633 1019 720 1068 qualibet

53 1099 116 1126 unum
125 1099 226 1136 grossum,
240 1100 275 1127 nec
284 1090 377 1127 volumus
387 1089 440 1137 quod
450 1088 573 1138 provincialis
582 1094 616 1126 aut
628 1088 680 1137 prior
692 1089 720 1125 lo-

53 1157 99 1194 calis
109 1157 171 1205 possit
181 1157 295 1206 dispensare
303 1158 328 1195 de
340 1168 380 1195 non
392 1157 535 1201 solvendo‚nisi
548 1162 628 1205 propter
643 1156 718 1205 placita,

53 1224 72 1262 in
85 1235 182 1273 quocasu
194 1226 287 1275 Magister
298 1237 367 1275 regens
375 1232 394 1263 et
406 1225 525 1263 bachalarius
537 1225 561 1262 de
577 1225 721 1263 contributione

54 1293 146 1331 solvenda
153 1298 187 1331 aut
199 1305 238 1332 non
244 1294 340 1338 solvenda
351 1295 435 1333 habeant
441 1294 534 1344 judicare.

59 1379 60 1385 ¹
80 1363 127 1399 ltem
139 1363 243 1401 statuimus
255 1364 309 1412 quod
324 1363 446 1411 provincialis
455 1364 538 1400 Franciae
549 1363 619 1400 habeat
630 1363 720 1413 Parysius

53 1430 65 1467 ll
75 1430 151 1468 solidos
167 1431 187 1469 in
205 1432 235 1469 die
247 1433 296 1469 ultra
308 1431 381 1470 victum
394 1432 526 1481 magistralem
537 1431 603 1480 quoad
615 1442 636 1469 se
648 1431 721 1480 ipsum,

54 1505 74 1536 et
84 1500 144 1538 vitam
152 1512 279 1539 communem
289 1502 354 1550 quoad
360 1501 408 1539 alios
417 1512 484 1539 secum
497 1501 603 1538 venientes.

63 1602 64 1605 ,
80 1569 126 1606 item
139 1570 205 1607 nullus
218 1570 421 1607 trateraudeatalicui
433 1570 529 1607 associare
541 1580 561 1606 se
576 1569 674 1607 festivitati
689 1580 722 1607 ex-

55 1641 87 1674 tra.
96 1648 154 1675 suum
167 1643 286 1676 conventum
296 1638 333 1676 sub
348 1650 407 1687 poena
418 1643 551 1687 apostatarum
564 1638 678 1687 infligenda.

76 1706 127 1745 ,item
140 1707 245 1757 statuimus
257 1711 276 1743 et
284 1707 397 1745 ordinamus
410 1708 464 1755 quod
473 1707 539 1745 nullus
550 1708 608 1744 irater
618 1707 689 1745 audeat
698 1708 707 1745 l
715 1730 723 1735 -

56 1785 98 1811 cere
111 1776 210 1823 querelam
224 1776 308 1824 generali
321 1776 365 1813 nisi.
377 1776 396 1813 in
409 1776 485 1814 delectu
501 1775 571 1825 prioris
590 1776 720 1824 provincialis,

57 1855 92 1881 nec
104 1843 214 1893 provinciali
226 1844 263 1883 nisi
272 1844 291 1882 in
304 1845 379 1882 delectu
392 1844 461 1893 prioris
471 1845 543 1891 localis,
557 1844 594 1882 sub
610 1855 668 1893 poena
690 1845 724 1881 de-

56 1911 98 1956 bili,
111 1912 127 1950 si
137 1912 162 1950 sit
176 1912 272 1958 debiturn,
282 1914 312 1950 vel
327 1914 364 1957 sub
374 1925 433 1962 poena
445 1914 479 1950 XX
494 1913 570 1951 dierum
585 1914 694 1962 adportam
707 1914 723 1950 si

57 1981 80 2019 de
92 1981 161 2030 injuria
173 1982 198 2020 sit
206 1983 291 2031 querela.
304 1983 350 2020 ltem
363 1984 428 2021 nullus
440 1984 498 2020 irater
512 1987 619 2031 praesumat
633 1983 723 2031 placitare

56 2062 91 2098 pro
100 2051 225 2089 saecularibus
236 2057 269 2089 aut
281 2057 355 2101 partem
371 2052 432 2089 facere
448 2062 483 2100 pro
495 2051 569 2089 eisdem
588 2052 630 2089 sine
646 2039 729 2089 licentia

57 2119 87 2157 sui
97 2119 219 2168 provincialis
226 2119 263 2158 sub
273 2131 331 2169 poena
339 2120 510 2169 proprietariorum
522 2119 637 2168 infligenda.

66 2224 68 2227 ,
82 2189 129 2227 ltem
141 2188 161 2227 in
169 2189 252 2228 Rubrica
265 2190 303 2227 Xlll
311 2190 335 2228 de
347 2189 455 2238 receptione
470 2188 590 2228 novitiorum
598 2187 630 2239 (2)
642 2189 724 2227 addatur

80 2336 101 2377 (1)
112 2347 130 2368 n.
143 2346 157 2369 r.

81 2393 101 2436 tal
113 2404 157 2436 11-9·
