1616 2703
71 123 109 163 292
333 120 480 149 ADNOTATIONES
525 132 527 136 1

67 197 184 248 Passionem
193 198 236 245 eius
248 197 267 234 in
281 197 336 235 Porta
346 208 404 235 aurea
417 196 507 246 religiose
519 194 677 247 consedissem),
687 201 746 244 atque

68 268 87 306 in
103 268 137 306 illo
149 268 191 305 loeo
204 266 236 304 ubi
250 266 296 304 olim
309 268 371 305 iuerat
388 266 481 304 habitatio
490 265 576 313 joachim
590 271 609 303 et
622 266 687 304 Annae
698 277 746 303 con-

68 342 151 376 ventum
164 335 275 375 instituisse
287 337 343 386 cujus
356 336 457 374 ecclesiam
471 336 543 374 Helena
562 341 629 384 postea
645 334 746 373 renovavit
806 327 807 370 1

68 412 87 445 et
99 407 160 445 auxit.
177 406 223 444 liaec
235 406 315 455 quidem
329 406 432 445 manifeste
444 417 525 445 erronea
541 410 595 451 sum,
611 410 631 443 at
649 405 746 454 posterior

55 465 162 516 vhabitatio
181 476 236 514 facile
248 476 313 526 potuit
330 488 398 515 ansam
415 476 541 526 praeberem
558 475 672 525 fingendam
694 475 746 524 prio-

70 558 118 584 rem.
129 546 213 584 Ecclesia
228 545 248 584 S.
259 547 323 584 Annae
336 557 376 584 000
389 546 449 584 modo
462 557 502 584 000
515 551 555 583 etat
566 545 644 583 Helenae
655 550 746 583 constru-

69 616 108 654 ctio
140 616 175 654 sed
205 620 250 654 ante
278 616 365 654 medium
394 620 473 654 sextum
501 615 597 653 saeculum
633 626 744 663 numquam

70 686 191 730 nominatur,
209 697 273 734 neque
285 686 347 723 iuerat
359 685 385 723 ibi
397 689 507 724 conventus
519 689 563 723 ame
577 684 660 733 primam
673 683 745 723 Cruce-

69 756 192 804 signatorum
213 755 367 804 expeditionem.
385 756 431 794 Post
449 766 495 793 vero
516 759 647 803 conquestum
666 759 745 792 «erant

68 826 94 863 ibi
106 831 146 863 tres
161 826 191 862 vel
209 829 295 873 quatuor
313 836 408 873 pauperes
427 824 546 863 mulierculae
562 824 622 862 vitam
639 823 745 862 sanctimo-

68 894 138 944 ¹rrialem
157 895 251 943 professae
268 906 280 930 ›>
299 894 371 941 quibus
390 893 441 931 Arda
464 905 514 932 uxor
534 893 584 942 regis
607 893 695 931 Balduini
712 893 717 930 l
734 906 744 929 a

69 963 139 1001 marito
157 963 257 1012 repudiata
270 974 313 1001 sese
325 963 436 1012 conjunxit,
450 963 580 1011 quamobrem
593 973 626 1000 rex
636 962 746 1011 possessio·
803 993 807 1011 2

69 1044 104 1071 aes
116 1033 230 1071 monasterii
245 1032 346 1081 ampliavit
355 1030 392 1083 (2).
409 1032 481 1070 ibidem
493 1033 550 1070 etiam
568 1032 634 1080 Juditlr
655 1031 746 1070 01113111-
803 1018 807 1056 ’Ϊ

68 1102 123 1141 duini
138 1103 150 1140 ll
162 1103 221 1140 vitam
235 1102 347 1152 religiosam
360 1113 413 1140 anno
429 1113 447 1140 11
451 1113 478 1152 jo
495 1103 583 1151 professa
594 1107 631 1146 est,
645 1106 664 1139 at
678 1105 745 1150 postea

68 1172 165 1210 abbatiam
177 1171 276 1209 Bethaniae
287 1172 437 1221 gubernandam
453 1171 546 1221 suscepit.
564 1170 646 1209 Ecclesia
662 1178 692 1209 sat
702 1172 745 1220 pul·

68 1242 113 1279 clara
125 1246 239 1279 constructa
259 1242 295 1279 fuit
313 1252 365 1278 anno
381 1251 437 1289 1150.
457 1242 517 1279 Anno
535 1252 581 1279 vero
605 1250 654 1289 1157
672 1240 744 1290 Sibylla
800 1269 804 1294 3

68 1312 166 1350 abbatiam
180 1311 253 1350 rexisse
268 1323 278 1348 e
291 1311 432 1360 diplomatibus
443 1310 474 1361 (3)
488 1316 572 1349 constat.
590 1312 675 1349 Dernum
694 1316 744 1349 tem·
799 1321 808 1331 1

68 1393 115 1431 pore
132 1386 256 1429 conquestus
272 1380 355 1418 civitatis
374 1392 408 1429 per
425 1380 538 1419 Saladinum
553 1379 624 1431 (1187)
639 1381 745 1420 sanctimo-

68 1450 129 1489 niales
144 1454 252 1499 postquam
268 1461 311 1488 sese
327 1450 468 1488 mutilaverunt
485 1451 585 1499 fugerunt,
602 1451 744 1489 monasterium

67 1531 113 1558 vero
126 1519 145 1556 10
160 1520 248 1557 scholam
266 1518 406 1558 Saracenorum
425 1531 544 1558 conversum
562 1525 592 1557 est
608 1520 645 1557 sub
664 1520 745 1558 nomine
800 1560 803 1575 ἵ

68 1587 207 1639 Salahieh(4),
220 1588 356 1626 Redeuntibus
373 1600 419 1627 vero
440 1589 556 1627 Christianis
572 1600 624 1627 anno
645 1600 701 1639 1229,
715 1595 745 1626 sat

69 1658 170 1707 probabile
177 1658 224 1696 mihi
234 1658 312 1696 videtur
321 1663 442 1697 conventum
453 1658 563 1697 Carmelitis
572 1659 665 1697 traditum
676 1659 744 1697 luisse.
799 1681 803 1693 .-

68 1726 113 1765 Haee
125 1739 172 1765 vero
184 1738 224 1765 000
238 1726 368 1777 intelligentes
381 1729 447 1778 plures
459 1740 469 1766 e
479 1728 552 1767 nostris
562 1732 691 1767 autumarunt
700 1729 745 1767 Car·
798 1743 802 1770 1

91 1901 113 1942 (11
124 1901 172 1932 lnter
184 1899 230 1933 alios
240 1900 333 1933 lohannes
342 1900 364 1932 de
375 1900 490 1933 Hildesheim
501 1901 583 1944 (Specul.
594 1901 693 1942 Carmell,
706 1901 744 1940 153,
798 1904 803 1919 ⁸

69 1969 87 1991 0.
97 1958 138 2002 6117,
146 1959 202 2001 690);
212 1958 305 1991 lohannes
319 1959 340 1991 de
349 1959 419 1992 Veneta
430 1958 484 2000 (ibid,
499 1960 540 2001 203,
555 1970 572 1992 0.
583 1960 638 2002 1174)(
652 1959 745 1993 lohannes
797 1978 801 2004 72

68 2016 131 2049 Grossi
143 2016 192 2059 [ibid.
205 2017 242 2059 151,
250 2027 268 2049 n.
280 2018 318 2058 555)
327 2029 331 2054 ς
341 2017 421 2050 Thomas
431 2017 567 2061 Bradley(ibid.
580 2018 617 2061 176,
628 2020 746 2061 11·772‹sqq.)
797 2010 803 2072 Ξ

68 2073 121 2108 Circa
138 2075 233 2108 ecclesiam
243 2076 261 2109 S.
276 2077 335 2108 nnaae
345 2075 367 2108 cf.
377 2076 451 2117 Tobler,
465 2076 595 2122 Topographie
607 2076 682 2119 (1301110,
697 2076 745 2115 1855)

67 2134 143 2176 tt‚426;
155 2135 201 2168 Dom
215 2134 288 2175 Cabcol,
306 2135 432 2168 Dicrionnaire
451 2135 587 2181 d‘Arclre‘ologie
603 2135 713 2169 Chre'tr'enne
728 2141 746 2168 et

66 2193 87 2225 de
96 2192 189 2238 Lrlurgie,
201 2193 258 2233 Paris,
269 2194 341 2236 1905,1.
352 2193 386 2226 col.
396 2193 487 2237 albasqq.

85 2249 114 2293 (1)
124 2250 191 2284 Guilel.
201 2252 278 2295 Tyrens.
290 2251 357 2294 Migne,
367 2252 386 2284 Ρ.
396 2253 416 2285 L.
426 2252 471 2293 CCI,
479 2252 514 2284 col.
524 2252 564 2293 485.

87 2308 116 2351 (3)
127 2309 233 2350 Roehricha
247 2312 329 2354 Regem,
342 2311 361 2343 P.
372 2310 400 2352 84,
411 2321 429 2343 0.
441 2310 487 2354 317;
498 2310 538 2343 etin
548 2310 674 2344 additamento
683 2310 702 2343 Ρ.
715 2310 744 2350 dr,

68 2377 85 2399 0.
98 2367 131 2410 517
141 2378 161 2411 03
176 2369 194 2401 P.
206 2369 262 2411 34,n‚
273 2369 323 2410 554c.

89 2425 118 2468 (4)
129 2425 174 2459 Dom
185 2427 260 2461 Ursmer
271 2427 356 2468 Berlidre,
365 2427 377 2460 1.
388 2437 404 2460 c.
414 2428 434 2460 P.
442 2427 483 2469 483.
