1631 2703
84 90 746 172 arrararrrrrataraaaaarnarratore

107 335 208 373 Novantur
216 345 296 379 QUORUM
306 345 396 373 taraiasa
405 338 457 380 Qurro
464 344 506 372 mec
515 345 549 373 aar
556 345 695 383 oerenmnano
701 345 750 373 carr-

81 403 121 441 rou
129 414 231 442 GENERatts
243 414 260 441 m
268 414 326 441 resro
335 404 467 441 Peurecosres
475 402 506 454 (r)
515 404 633 442 Vlteucems
643 404 698 441 Auno
711 403 750 441 Do-

83 483 122 511 rum
130 472 249 511 MCCCXXX
261 476 438 519 careararr‚'rrrcra
447 482 481 510 reu
490 472 622 510 Ravearuouru
633 473 748 511 Manrsraurr

82 541 161 581 raram
173 552 197 582 oe
214 541 265 583 Casa
281 552 298 579 m
315 531 395 579 aaronem
412 551 525 581 caueantur
545 551 606 579 tamara
623 551 709 579 arecruu
726 552 749 578 aa
771 590 775 599 ι

93 620 228 648 contrariarum
240 620 286 648 rost
298 610 576 665 nesrouarrouerrVauarrrmrus
588 610 680 648 Maorsrar
692 610 750 657 Joarr-

83 688 113 717 ms
125 689 148 716 oe
161 679 240 717 Arenio.
381 681 382 684 ’

86 874 88 876 .
110 843 259 882 Committimus
271 843 329 891 priori
341 828 426 892 generali
444 844 497 891 quod
510 843 572 892 possit
588 843 624 880 sibi
639 843 709 891 eligere
722 854 752 880 so-

85 913 126 950 cios
146 923 193 950 suos
213 923 263 960 quos
280 912 363 950 voluerit
376 916 394 949 et
415 916 489 949 mutare
508 912 586 960 quando
602 911 638 949 sibi
650 911 750 960 placuerit.

85 982 131 1024 Item
144 981 197 1030 quod
210 980 262 1030 prior
271 980 365 1030 generalis
375 981 438 1029 possit
447 992 520 1029 ponere
531 986 550 1018 et
560 980 658 1030 deponere
668 980 751 1029 priorem

85 1050 147 1088 Curiae
159 1050 252 1088 Romanae
269 1054 288 1087 et
301 1049 384 1098 priorem
397 1050 530 1097 l'arisiensem.
545 1050 590 1087 item
609 1041 752 1102 committimus

87 1119 145 1167 priori
157 1119 241 1168 generali
254 1118 433 1167 interpretationem
445 1118 615 1156 Constitutionum
633 1118 682 1169 (Fol.
696 1129 721 1168 39
733 1118 752 1168 a)

49 1210 51 1213 .
86 1188 166 1236 quando
178 1188 260 1225 dubium
272 1188 351 1237 aliquod
363 1188 463 1236 apparebit
474 1193 493 1225 et
504 1188 557 1236 quod
569 1187 588 1225 in
600 1188 628 1225 eis
640 1187 702 1237 possit
713 1187 753 1225 dis-

87 1268 168 1306 pensare
177 1257 256 1305 quando
268 1257 347 1303 evidens
360 1256 464 1295 necessitas
475 1257 582 1306 apparebit.

113 1327 160 1363 item
176 1326 291 1364 ordinamus
304 1326 358 1374 quod
372 1337 442 1374 ornnes
454 1327 537 1364 scolares
546 1326 636 1376 Parysius
653 1326 753 1364 contribu-

87 1400 120 1433 ant
134 1399 156 1433 etv
167 1406 237 1433 omnes
249 1395 350 1439 bacbnlarii
362 1400 381 1433 et
393 1395 479 1443 magistri
491 1399 581 1432 vacantes
597 1395 613 1432 si
625 1396 658 1444 qui
671 1402 752 1446 stare-nt,

87 1464 122 1506 sed
132 1464 196 1506 solum
210 1463 326 1513 magistrum
336 1470 379 1503 actu
391 1448 490 1513 regentem
503 1471 521 1502 et
532 1464 663 1510 bacbalarium
673 1469 716 1502 actu
729 1467 755 1501 le-

87 1537 166 1589 gentem
181 1532 290 1570 Sententins
299 1533 392 1571 volumus
404 1544 447 1571 esse
461 1532 533 1570 ibidem
546 1533 587 1570 sine
599 1533 752 1578 contributione.

91 1620 94 1624 ²
114 1602 159 1639 item
174 1596 301 1650 assignamus
312 1601 420 1650 capitulum
432 1602 522 1650 generale
534 1602 553 1639 in
569 1602 667 1650 provincia
679 1602 755 1639 Narbo-

88 1669 145 1708 nensi
159 1670 177 1707 in
190 1674 291 1708 conventu
302 1670 396 1708 Nemausi
415 1670 433 1707 in
448 1671 498 1715 festo
513 1672 636 1709 Pentecostes
645 1670 704 1720 Anno
716 1671 755 1721 D⁰7

89 1739 136 1776 mini
149 1738 296 1776 ircccxxxlrt.
310 1739 332 1776 Et
343 1739 488 1777 committimus
500 1739 558 1788 priori
569 1739 654 1788 generali
662 1744 684 1777 ut
693 1739 755 1788 possit

88 1807 135 1844 illud
149 1807 304 1854 muraregquoad
320 1807 441 1855 provinciam
456 1812 476 1845 et
488 1808 552 1856 quoad
567 1813 695 1846 conventum,
709 1809 755 1857 item

88 1875 163 1917 rubrica
180 1873 210 1928 (a)
222 1875 255 1913 ubi
268 1875 358 1924 ponitur:
378 1876 517 1914 Recurrendum
531 1878 595 1913 estad
606 1876 641 1925 jrrs
658 1888 756 1925 murmane

87 1944 192 1981 abradatur
202 1949 225 1998 ‘et
236 1949 333 1992 ponatur:
350 1944 422 1981 Omnia
438 1944 487 1982 fiant
502 1944 611 1982 secundum
625 1945 720 1993 justitiam
737 1950 756 1982 et

89 2012 228 2050 conscientiam
240 2012 312 2055 bonam
323 2018 400 2050 semoto
412 2012 466 2059 omni
480 2024 572 2061 processu
582 2013 626 2062 jure
636 2013 729 2062 litigioso.
747 2056 752 2064 A

115 2082 162 2118 item
172 2081 287 2118 ordinamus
299 2081 352 2129 quod
361 2067 483 2130 quicumque
497 2082 532 2119 erit
541 2093 599 2119 causa
614 2082 710 2120 adventus
724 2082 757 2120 ali-

89 2150 146 2197 cujus
158 2150 237 2198 maioris
251 2150 281 2187 vel
293 2150 398 2198 superioris
410 2161 444 2188 seu
456 2150 563 2188 visitatoris
578 2151 602 2189 ad
614 2151 699 2200 aliquem
711 2163 758 2189 con-

113 2311 136 2353 (1)
149 2310 181 2343 Die
188 2321 210 2353 27
216 2309 267 2354 Maji.
280 2310 421 2353 (Valenciennesl

114 2369 135 2411 [a]
144 2367 222 2401 Rubrica
230 2367 301 2410 XXXV,
308 2379 325 2402 n.
334 2368 349 2401 5.
