<?xml version="1.0" encoding="UTF-8"?>
<!DOCTYPE html PUBLIC "-//W3C//DTD XHTML 1.0 Transitional//EN"
    "http://www.w3.org/TR/xhtml1/DTD/xhtml1-transitional.dtd">
<html xmlns="http://www.w3.org/1999/xhtml" xml:lang="en" lang="en">
 <head>
  <title>
</title>
<meta http-equiv="Content-Type" content="text/html;charset=utf-8" />
  <meta name='ocr-system' content='tesseract 3.04.00' />
  <meta name='ocr-capabilities' content='ocr_page ocr_carea ocr_par ocr_line ocrx_word'/>
</head>
<body>
  <div class='ocr_page' id='page_1' title='image "MN5087ucmf_2_0069.png"; bbox 0 0 1631 2703; ppageno 0'>
   <div class='ocr_carea' id='block_1_1' title="bbox 306 117 722 159">
    <p class='ocr_par' dir='ltr' id='par_1_1' title="bbox 306 117 722 159">
     <span class='ocr_line' id='line_1_1' title="bbox 306 117 722 159; baseline 0.002 -13"><span class='ocrx_word' id='word_1_1' title='bbox 306 130 308 133; x_wconf 36' lang='grc' dir='ltr'><strong>ν</strong></span> <span class='ocrx_word' id='word_1_2' title='bbox 323 117 402 147; x_wconf 76' lang='lat' dir='ltr'>auorum</span> <span class='ocrx_word' id='word_1_3' title='bbox 416 118 448 147; x_wconf 85' lang='lat' dir='ltr'>xvr</span> <span class='ocrx_word' id='word_1_4' title='bbox 700 120 722 159; x_wconf 75' lang='lat'>53</span> 
     </span>
    </p>
   </div>
   <div class='ocr_carea' id='block_1_2' title="bbox 47 193 726 1279">
    <p class='ocr_par' dir='ltr' id='par_1_2' title="bbox 47 193 726 1279">
     <span class='ocr_line' id='line_1_2' title="bbox 48 193 723 243; baseline 0.001 -11"><span class='ocrx_word' id='word_1_5' title='bbox 48 194 227 243; x_wconf 73' lang='lat' dir='ltr'>complementum,</span> <span class='ocrx_word' id='word_1_6' title='bbox 241 193 278 232; x_wconf 91' lang='lat' dir='ltr'>sub</span> <span class='ocrx_word' id='word_1_7' title='bbox 295 205 353 243; x_wconf 82' lang='lat' dir='ltr'>poena</span> <span class='ocrx_word' id='word_1_8' title='bbox 371 193 467 243; x_wconf 83' lang='lat' dir='ltr'>gravioris</span> <span class='ocrx_word' id='word_1_9' title='bbox 484 195 547 243; x_wconf 85' lang='lat' dir='ltr'>culpae</span> <span class='ocrx_word' id='word_1_10' title='bbox 564 204 598 243; x_wconf 88' lang='lat' dir='ltr'>per</span> <span class='ocrx_word' id='word_1_11' title='bbox 618 195 652 232; x_wconf 85' lang='lat' dir='ltr'>XX</span> <span class='ocrx_word' id='word_1_12' title='bbox 674 195 723 233; x_wconf 90' lang='lat' dir='ltr'>dies.</span> 
     </span>
     <span class='ocr_line' id='line_1_3' title="bbox 49 263 724 315; baseline -0.001 -12"><span class='ocrx_word' id='word_1_13' title='bbox 49 276 68 303; x_wconf 82' lang='lat'>2.</span> <span class='ocrx_word' id='word_1_14' title='bbox 82 264 100 303; x_wconf 90' lang='lat' dir='ltr'>Si</span> <span class='ocrx_word' id='word_1_15' title='bbox 113 263 157 312; x_wconf 89' lang='lat' dir='ltr'>quis</span> <span class='ocrx_word' id='word_1_16' title='bbox 169 275 217 302; x_wconf 91' lang='lat' dir='ltr'>vero</span> <span class='ocrx_word' id='word_1_17' title='bbox 227 264 269 301; x_wconf 89' lang='lat' dir='ltr'>sine</span> <span class='ocrx_word' id='word_1_18' title='bbox 279 263 355 303; x_wconf 81' lang='lat' dir='ltr'>licentia</span> <span class='ocrx_word' id='word_1_19' title='bbox 367 263 438 313; x_wconf 91' lang='lat' dir='ltr'>prioris</span> <span class='ocrx_word' id='word_1_20' title='bbox 450 264 547 315; x_wconf 84' lang='lat' dir='ltr'>generalis</span> <span class='ocrx_word' id='word_1_21' title='bbox 559 264 589 302; x_wconf 86' lang='lat' dir='ltr'>vel</span> <span class='ocrx_word' id='word_1_22' title='bbox 599 264 724 313; x_wconf 89' lang='lat' dir='ltr'>provincialis</span> 
     </span>
     <span class='ocr_line' id='line_1_4' title="bbox 49 333 725 384; baseline -0.001 -11"><span class='ocrx_word' id='word_1_23' title='bbox 49 333 133 373; x_wconf 91' lang='lat' dir='ltr'>ordinari</span> <span class='ocrx_word' id='word_1_24' title='bbox 151 345 172 372; x_wconf 88' lang='lat' dir='ltr'>se</span> <span class='ocrx_word' id='word_1_25' title='bbox 189 333 306 383; x_wconf 81' lang='lat' dir='ltr'>permiserit,</span> <span class='ocrx_word' id='word_1_26' title='bbox 325 344 384 383; x_wconf 88' lang='lat' dir='ltr'>poena</span> <span class='ocrx_word' id='word_1_27' title='bbox 399 333 494 384; x_wconf 82' lang='lat' dir='ltr'>gravioris</span> <span class='ocrx_word' id='word_1_28' title='bbox 509 334 572 383; x_wconf 87' lang='lat' dir='ltr'>culpae</span> <span class='ocrx_word' id='word_1_29' title='bbox 586 345 620 383; x_wconf 90' lang='lat' dir='ltr'>per</span> <span class='ocrx_word' id='word_1_30' title='bbox 631 334 662 372; x_wconf 85' lang='lat' dir='ltr'>XL</span> <span class='ocrx_word' id='word_1_31' title='bbox 683 334 725 373; x_wconf 87' lang='lat' dir='ltr'>dics</span> 
     </span>
     <span class='ocr_line' id='line_1_5' title="bbox 49 403 724 454; baseline 0.001 -12"><span class='ocrx_word' id='word_1_32' title='bbox 49 404 110 453; x_wconf 80' lang='lat' dir='ltr'>rigide</span> <span class='ocrx_word' id='word_1_33' title='bbox 125 403 225 452; x_wconf 76' lang='lat' dir='ltr'>puniatur,</span> <span class='ocrx_word' id='word_1_34' title='bbox 243 408 262 441; x_wconf 92' lang='lat' dir='ltr'>et</span> <span class='ocrx_word' id='word_1_35' title='bbox 277 403 301 442; x_wconf 88' lang='lat' dir='ltr'>ab</span> <span class='ocrx_word' id='word_1_36' title='bbox 316 403 390 442; x_wconf 84' lang='lat' dir='ltr'>ordinis</span> <span class='ocrx_word' id='word_1_37' title='bbox 404 404 431 442; x_wconf 91' lang='lat' dir='ltr'>sic</span> <span class='ocrx_word' id='word_1_38' title='bbox 446 404 533 453; x_wconf 87' lang='lat' dir='ltr'>suscepti</span> <span class='ocrx_word' id='word_1_39' title='bbox 548 404 664 442; x_wconf 78' lang='lat' dir='ltr'>executione</span> <span class='ocrx_word' id='word_1_40' title='bbox 681 404 724 454; x_wconf 89' lang='lat' dir='ltr'>ipso</span> 
     </span>
     <span class='ocr_line' id='line_1_6' title="bbox 48 472 724 524; baseline 0 -12"><span class='ocrx_word' id='word_1_41' title='bbox 48 476 99 512; x_wconf 85' lang='lat' dir='ltr'>tacto</span> <span class='ocrx_word' id='word_1_42' title='bbox 114 472 139 512; x_wconf 88' lang='lat' dir='ltr'>sit</span> <span class='ocrx_word' id='word_1_43' title='bbox 153 484 272 523; x_wconf 89' lang='lat' dir='ltr'>suspensus,</span> <span class='ocrx_word' id='word_1_44' title='bbox 286 485 391 523; x_wconf 87' lang='lat' dir='ltr'>quousque</span> <span class='ocrx_word' id='word_1_45' title='bbox 406 486 416 512; x_wconf 86' lang='lat' dir='ltr'>a</span> <span class='ocrx_word' id='word_1_46' title='bbox 432 474 496 523; x_wconf 91' lang='lat' dir='ltr'>priore</span> <span class='ocrx_word' id='word_1_47' title='bbox 508 474 594 524; x_wconf 84' lang='lat' dir='ltr'>generali</span> <span class='ocrx_word' id='word_1_48' title='bbox 609 475 639 511; x_wconf 85' lang='lat' dir='ltr'>vel</span> <span class='ocrx_word' id='word_1_49' title='bbox 651 486 662 511; x_wconf 90' lang='lat' dir='ltr'>a</span> <span class='ocrx_word' id='word_1_50' title='bbox 673 474 724 524; x_wconf 91' lang='lat' dir='ltr'>capi-</span> 
     </span>
     <span class='ocr_line' id='line_1_7' title="bbox 47 543 724 595; baseline 0.001 -13"><span class='ocrx_word' id='word_1_51' title='bbox 47 544 90 583; x_wconf 86' lang='lat' dir='ltr'>tulo</span> <span class='ocrx_word' id='word_1_52' title='bbox 99 543 184 593; x_wconf 80' lang='lat' dir='ltr'>generali</span> <span class='ocrx_word' id='word_1_53' title='bbox 194 555 239 581; x_wconf 90' lang='lat' dir='ltr'>cum</span> <span class='ocrx_word' id='word_1_54' title='bbox 248 555 271 581; x_wconf 91' lang='lat' dir='ltr'>eo</span> <span class='ocrx_word' id='word_1_55' title='bbox 283 543 342 582; x_wconf 82' lang='lat' dir='ltr'>luerit</span> <span class='ocrx_word' id='word_1_56' title='bbox 352 543 502 582; x_wconf 83' lang='lat' dir='ltr'>misericorditer</span> <span class='ocrx_word' id='word_1_57' title='bbox 514 544 659 592; x_wconf 84' lang='lat' dir='ltr'>dispensatum.</span> <span class='ocrx_word' id='word_1_58' title='bbox 670 556 689 595; x_wconf 74' lang='lat'>3,</span> <span class='ocrx_word' id='word_1_59' title='bbox 705 543 724 584; x_wconf 87' lang='lat' dir='ltr'>Si</span> 
     </span>
     <span class='ocr_line' id='line_1_8' title="bbox 48 613 726 663; baseline 0 -11"><span class='ocrx_word' id='word_1_60' title='bbox 48 625 94 652; x_wconf 83' lang='lat' dir='ltr'>vero</span> <span class='ocrx_word' id='word_1_61' title='bbox 106 613 167 652; x_wconf 88' lang='lat' dir='ltr'>laicus</span> <span class='ocrx_word' id='word_1_62' title='bbox 176 624 305 663; x_wconf 87' lang='lat' dir='ltr'>quocumque</span> <span class='ocrx_word' id='word_1_63' title='bbox 318 615 378 652; x_wconf 92' lang='lat' dir='ltr'>modo</span> <span class='ocrx_word' id='word_1_64' title='bbox 390 625 411 652; x_wconf 88' lang='lat' dir='ltr'>se</span> <span class='ocrx_word' id='word_1_65' title='bbox 423 614 534 663; x_wconf 84' lang='lat' dir='ltr'>permiserit</span> <span class='ocrx_word' id='word_1_66' title='bbox 542 614 628 652; x_wconf 80' lang='lat' dir='ltr'>ordinari</span> <span class='ocrx_word' id='word_1_67' title='bbox 638 614 668 652; x_wconf 91' lang='lat' dir='ltr'>vel</span> <span class='ocrx_word' id='word_1_68' title='bbox 679 618 726 652; x_wconf 90' lang='lat' dir='ltr'>ton-</span> 
     </span>
     <span class='ocr_line' id='line_1_9' title="bbox 48 683 726 734; baseline -0.003 -11"><span class='ocrx_word' id='word_1_69' title='bbox 48 695 115 723; x_wconf 89' lang='lat' dir='ltr'>suram</span> <span class='ocrx_word' id='word_1_70' title='bbox 123 683 159 722; x_wconf 92' lang='lat' dir='ltr'>sibi</span> <span class='ocrx_word' id='word_1_71' title='bbox 167 683 277 732; x_wconf 87' lang='lat' dir='ltr'>permiserit</span> <span class='ocrx_word' id='word_1_72' title='bbox 283 683 324 722; x_wconf 80' lang='lat' dir='ltr'>fieri</span> <span class='ocrx_word' id='word_1_73' title='bbox 330 683 437 721; x_wconf 88' lang='lat' dir='ltr'>clericalem</span> <span class='ocrx_word' id='word_1_74' title='bbox 450 684 492 722; x_wconf 91' lang='lat' dir='ltr'>sine</span> <span class='ocrx_word' id='word_1_75' title='bbox 500 684 577 722; x_wconf 90' lang='lat' dir='ltr'>licentia</span> <span class='ocrx_word' id='word_1_76' title='bbox 585 683 655 732; x_wconf 88' lang='lat' dir='ltr'>prioris</span> <span class='ocrx_word' id='word_1_77' title='bbox 666 695 726 734; x_wconf 82' lang='lat' dir='ltr'>gene-</span> 
     </span>
     <span class='ocr_line' id='line_1_10' title="bbox 50 752 726 803; baseline 0 -11"><span class='ocrx_word' id='word_1_78' title='bbox 50 754 101 798; x_wconf 90' lang='lat' dir='ltr'>ralis,</span> <span class='ocrx_word' id='word_1_79' title='bbox 111 752 182 791; x_wconf 89' lang='lat' dir='ltr'>carceri</span> <span class='ocrx_word' id='word_1_80' title='bbox 192 753 320 802; x_wconf 80' lang='lat' dir='ltr'>mancipetur,</span> <span class='ocrx_word' id='word_1_81' title='bbox 335 753 397 791; x_wconf 87' lang='lat' dir='ltr'>donec</span> <span class='ocrx_word' id='word_1_82' title='bbox 409 764 443 803; x_wconf 91' lang='lat' dir='ltr'>per</span> <span class='ocrx_word' id='word_1_83' title='bbox 455 753 562 802; x_wconf 87' lang='lat' dir='ltr'>capitulum</span> <span class='ocrx_word' id='word_1_84' title='bbox 571 754 662 803; x_wconf 81' lang='lat' dir='ltr'>generale</span> <span class='ocrx_word' id='word_1_85' title='bbox 672 753 726 792; x_wconf 86' lang='lat' dir='ltr'>aliter</span> 
     </span>
     <span class='ocr_line' id='line_1_11' title="bbox 49 822 726 871; baseline -0.001 -9"><span class='ocrx_word' id='word_1_86' title='bbox 49 824 73 862; x_wconf 93' lang='lat' dir='ltr'>de</span> <span class='ocrx_word' id='word_1_87' title='bbox 82 835 106 861; x_wconf 90' lang='lat' dir='ltr'>eo</span> <span class='ocrx_word' id='word_1_88' title='bbox 117 822 177 862; x_wconf 84' lang='lat' dir='ltr'>luerit</span> <span class='ocrx_word' id='word_1_89' title='bbox 188 822 309 862; x_wconf 88' lang='lat' dir='ltr'>ordinatum.</span> <span class='ocrx_word' id='word_1_90' title='bbox 322 833 341 870; x_wconf 72' lang='lat' dir='ltr'>a.</span> <span class='ocrx_word' id='word_1_91' title='bbox 358 822 431 871; x_wconf 87' lang='lat' dir='ltr'>Siquis</span> <span class='ocrx_word' id='word_1_92' title='bbox 443 834 489 861; x_wconf 85' lang='lat' dir='ltr'>vero</span> <span class='ocrx_word' id='word_1_93' title='bbox 501 823 521 860; x_wconf 91' lang='lat' dir='ltr'>in</span> <span class='ocrx_word' id='word_1_94' title='bbox 533 822 726 861; x_wconf 85' lang='lat' dir='ltr'>excommunicatio-</span> 
     </span>
     <span class='ocr_line' id='line_1_12' title="bbox 50 892 724 943; baseline 0 -12"><span class='ocrx_word' id='word_1_95' title='bbox 50 905 74 932; x_wconf 95' lang='lat' dir='ltr'>ne</span> <span class='ocrx_word' id='word_1_96' title='bbox 83 892 186 931; x_wconf 87' lang='lat' dir='ltr'>ordinatus</span> <span class='ocrx_word' id='word_1_97' title='bbox 196 894 253 930; x_wconf 85' lang='lat' dir='ltr'>fuerit</span> <span class='ocrx_word' id='word_1_98' title='bbox 265 904 305 931; x_wconf 93' lang='lat' dir='ltr'>non</span> <span class='ocrx_word' id='word_1_99' title='bbox 315 892 352 930; x_wconf 88' lang='lat' dir='ltr'>nisi</span> <span class='ocrx_word' id='word_1_100' title='bbox 360 903 394 942; x_wconf 89' lang='lat' dir='ltr'>per</span> <span class='ocrx_word' id='word_1_101' title='bbox 405 892 511 931; x_wconf 87' lang='lat' dir='ltr'>Summum</span> <span class='ocrx_word' id='word_1_102' title='bbox 522 892 637 942; x_wconf 79' lang='lat' dir='ltr'>pontificem</span> <span class='ocrx_word' id='word_1_103' title='bbox 646 892 724 943; x_wconf 88' lang='lat' dir='ltr'>dispen·</span> 
     </span>
     <span class='ocr_line' id='line_1_13' title="bbox 49 953 724 1002; baseline 0 -1"><span class='ocrx_word' id='word_1_104' title='bbox 49 967 110 1002; x_wconf 90' lang='lat' dir='ltr'>setur.</span> <span class='ocrx_word' id='word_1_105' title='bbox 124 962 143 1001; x_wconf 85' lang='lat' dir='ltr'>Si</span> <span class='ocrx_word' id='word_1_106' title='bbox 156 962 234 1000; x_wconf 90' lang='lat' dir='ltr'>veroin</span> <span class='ocrx_word' id='word_1_107' title='bbox 247 953 451 1000; x_wconf 78' lang='lat' dir='ltr'>excommunicatione</span> <span class='ocrx_word' id='word_1_108' title='bbox 466 962 486 1000; x_wconf 88' lang='lat' dir='ltr'>in</span> <span class='ocrx_word' id='word_1_109' title='bbox 499 962 567 1000; x_wconf 88' lang='lat' dir='ltr'>ordine</span> <span class='ocrx_word' id='word_1_110' title='bbox 579 967 677 1001; x_wconf 87' lang='lat' dir='ltr'>contracta</span> <span class='ocrx_word' id='word_1_111' title='bbox 694 963 724 1001; x_wconf 91' lang='lat' dir='ltr'>vel</span> 
     </span>
     <span class='ocr_line' id='line_1_14' title="bbox 48 1031 724 1082; baseline 0 -12"><span class='ocrx_word' id='word_1_112' title='bbox 48 1033 68 1071; x_wconf 87' lang='lat' dir='ltr'>in</span> <span class='ocrx_word' id='word_1_113' title='bbox 80 1031 185 1082; x_wconf 78' lang='lat' dir='ltr'>apostasia,</span> <span class='ocrx_word' id='word_1_114' title='bbox 199 1032 264 1070; x_wconf 91' lang='lat' dir='ltr'>divina</span> <span class='ocrx_word' id='word_1_115' title='bbox 276 1031 408 1080; x_wconf 87' lang='lat' dir='ltr'>celebraverit,</span> <span class='ocrx_word' id='word_1_116' title='bbox 421 1043 487 1081; x_wconf 79' lang='lat' dir='ltr'>poenae</span> <span class='ocrx_word' id='word_1_117' title='bbox 499 1031 593 1081; x_wconf 84' lang='lat' dir='ltr'>gravioris</span> <span class='ocrx_word' id='word_1_118' title='bbox 608 1033 672 1081; x_wconf 78' lang='lat' dir='ltr'>culpae</span> <span class='ocrx_word' id='word_1_119' title='bbox 689 1043 724 1081; x_wconf 89' lang='lat' dir='ltr'>per</span> 
     </span>
     <span class='ocr_line' id='line_1_15' title="bbox 48 1100 723 1152; baseline 0 -12"><span class='ocrx_word' id='word_1_120' title='bbox 48 1102 79 1140; x_wconf 89' lang='lat' dir='ltr'>XL</span> <span class='ocrx_word' id='word_1_121' title='bbox 91 1102 132 1140; x_wconf 90' lang='lat' dir='ltr'>dies</span> <span class='ocrx_word' id='word_1_122' title='bbox 147 1101 262 1152; x_wconf 84' lang='lat' dir='ltr'>subjacebit,</span> <span class='ocrx_word' id='word_1_123' title='bbox 278 1106 345 1139; x_wconf 88' lang='lat' dir='ltr'>tamen</span> <span class='ocrx_word' id='word_1_124' title='bbox 362 1113 407 1139; x_wconf 89' lang='lat' dir='ltr'>cum</span> <span class='ocrx_word' id='word_1_125' title='bbox 423 1112 446 1139; x_wconf 94' lang='lat' dir='ltr'>eo</span> <span class='ocrx_word' id='word_1_126' title='bbox 462 1112 496 1150; x_wconf 90' lang='lat' dir='ltr'>per</span> <span class='ocrx_word' id='word_1_127' title='bbox 514 1100 599 1150; x_wconf 89' lang='lat' dir='ltr'>priorem</span> <span class='ocrx_word' id='word_1_128' title='bbox 611 1102 723 1150; x_wconf 79' lang='lat' dir='ltr'>generalem</span> 
     </span>
     <span class='ocr_line' id='line_1_16' title="bbox 49 1169 724 1221; baseline -0.001 -12"><span class='ocrx_word' id='word_1_129' title='bbox 49 1171 121 1221; x_wconf 86' lang='lat' dir='ltr'>poterit</span> <span class='ocrx_word' id='word_1_130' title='bbox 130 1182 189 1220; x_wconf 90' lang='lat' dir='ltr'>super</span> <span class='ocrx_word' id='word_1_131' title='bbox 201 1172 239 1209; x_wconf 82' lang='lat' dir='ltr'>hoc</span> <span class='ocrx_word' id='word_1_132' title='bbox 250 1172 274 1208; x_wconf 94' lang='lat' dir='ltr'>de</span> <span class='ocrx_word' id='word_1_133' title='bbox 286 1171 359 1209; x_wconf 90' lang='lat' dir='ltr'>virtute</span> <span class='ocrx_word' id='word_1_134' title='bbox 371 1170 467 1220; x_wconf 86' lang='lat' dir='ltr'>privilegii</span> <span class='ocrx_word' id='word_1_135' title='bbox 480 1169 632 1209; x_wconf 86' lang='lat' dir='ltr'>misericorditer</span> <span class='ocrx_word' id='word_1_136' title='bbox 645 1170 724 1220; x_wconf 90' lang='lat' dir='ltr'>dispen-</span> 
     </span>
     <span class='ocr_line' id='line_1_17' title="bbox 48 1252 93 1279; baseline 0.022 -1"><span class='ocrx_word' id='word_1_137' title='bbox 48 1252 93 1279; x_wconf 91' lang='lat' dir='ltr'>sarr.</span> 
     </span>
    </p>
   </div>
   <div class='ocr_carea' id='block_1_3' title="bbox 49 1342 722 1381">
    <p class='ocr_par' dir='ltr' id='par_1_3' title="bbox 49 1342 722 1381">
     <span class='ocr_line' id='line_1_18' title="bbox 49 1342 722 1381; baseline 0.001 -2"><span class='ocrx_word' id='word_1_138' title='bbox 49 1342 112 1380; x_wconf 75' lang='lat' dir='ltr'>Runa.</span> <span class='ocrx_word' id='word_1_139' title='bbox 125 1342 173 1380; x_wconf 84' lang='lat' dir='ltr'>XVl.</span> <span class='ocrx_word' id='word_1_140' title='bbox 186 1342 213 1380; x_wconf 74' lang='lat' dir='ltr'>De</span> <span class='ocrx_word' id='word_1_141' title='bbox 221 1352 292 1380; x_wconf 76' lang='lat' dir='ltr'>sauous</span> <span class='ocrx_word' id='word_1_142' title='bbox 301 1351 324 1379; x_wconf 74' lang='lat' dir='ltr'>aa</span> <span class='ocrx_word' id='word_1_143' title='bbox 332 1351 461 1380; x_wconf 77' lang='lat' dir='ltr'>sruuenrraus</span> <span class='ocrx_word' id='word_1_144' title='bbox 470 1351 493 1379; x_wconf 79' lang='lat' dir='ltr'>er</span> <span class='ocrx_word' id='word_1_145' title='bbox 500 1351 640 1380; x_wconf 79' lang='lat' dir='ltr'>enov1srou1eus</span> <span class='ocrx_word' id='word_1_146' title='bbox 649 1351 722 1381; x_wconf 76' lang='lat' dir='ltr'><strong>EORUM.</strong></span> 
     </span>
    </p>
   </div>
   <div class='ocr_carea' id='block_1_4' title="bbox 39 1448 727 2470">
    <p class='ocr_par' dir='ltr' id='par_1_4' title="bbox 49 1448 726 1834">
     <span class='ocr_line' id='line_1_19' title="bbox 79 1448 725 1497; baseline 0 -11"><span class='ocrx_word' id='word_1_147' title='bbox 79 1461 95 1486; x_wconf 91' lang='lat'>1.</span> <span class='ocrx_word' id='word_1_148' title='bbox 109 1448 209 1495; x_wconf 78' lang='lat' dir='ltr'>Qioniam</span> <span class='ocrx_word' id='word_1_149' title='bbox 220 1448 331 1497; x_wconf 77' lang='lat' dir='ltr'>ignorantia</span> <span class='ocrx_word' id='word_1_150' title='bbox 343 1452 406 1486; x_wconf 87' lang='lat' dir='ltr'>mater</span> <span class='ocrx_word' id='word_1_151' title='bbox 415 1452 445 1486; x_wconf 90' lang='lat' dir='ltr'>est</span> <span class='ocrx_word' id='word_1_152' title='bbox 456 1448 527 1486; x_wconf 91' lang='lat' dir='ltr'>erroris</span> <span class='ocrx_word' id='word_1_153' title='bbox 537 1453 556 1486; x_wconf 88' lang='lat' dir='ltr'>et</span> <span class='ocrx_word' id='word_1_154' title='bbox 566 1448 672 1497; x_wconf 84' lang='lat' dir='ltr'>cujuslibet</span> <span class='ocrx_word' id='word_1_155' title='bbox 686 1453 725 1487; x_wconf 87' lang='lat' dir='ltr'>sta-</span> 
     </span>
     <span class='ocr_line' id='line_1_20' title="bbox 49 1517 724 1567; baseline 0.001 -12"><span class='ocrx_word' id='word_1_156' title='bbox 49 1522 82 1557; x_wconf 87' lang='lat' dir='ltr'>tus</span> <span class='ocrx_word' id='word_1_157' title='bbox 94 1518 209 1567; x_wconf 87' lang='lat' dir='ltr'>deperditio,</span> <span class='ocrx_word' id='word_1_158' title='bbox 227 1518 284 1556; x_wconf 92' lang='lat' dir='ltr'>nobis</span> <span class='ocrx_word' id='word_1_159' title='bbox 296 1523 315 1555; x_wconf 88' lang='lat' dir='ltr'>et</span> <span class='ocrx_word' id='word_1_160' title='bbox 327 1517 390 1556; x_wconf 88' lang='lat' dir='ltr'>ordini</span> <span class='ocrx_word' id='word_1_161' title='bbox 406 1524 502 1566; x_wconf 85' lang='lat' dir='ltr'>quantum</span> <span class='ocrx_word' id='word_1_162' title='bbox 515 1518 539 1555; x_wconf 89' lang='lat' dir='ltr'>ad</span> <span class='ocrx_word' id='word_1_163' title='bbox 551 1518 589 1556; x_wconf 91' lang='lat' dir='ltr'>hoc</span> <span class='ocrx_word' id='word_1_164' title='bbox 600 1519 690 1556; x_wconf 88' lang='lat' dir='ltr'>volentes</span> <span class='ocrx_word' id='word_1_165' title='bbox 704 1518 724 1556; x_wconf 96' lang='lat' dir='ltr'>in</span> 
     </span>
     <span class='ocr_line' id='line_1_21' title="bbox 50 1586 725 1636; baseline 0 -11"><span class='ocrx_word' id='word_1_166' title='bbox 50 1592 151 1636; x_wconf 85' lang='lat' dir='ltr'>posterum</span> <span class='ocrx_word' id='word_1_167' title='bbox 169 1586 278 1636; x_wconf 88' lang='lat' dir='ltr'>providere,</span> <span class='ocrx_word' id='word_1_168' title='bbox 297 1586 391 1625; x_wconf 86' lang='lat' dir='ltr'>duximus</span> <span class='ocrx_word' id='word_1_169' title='bbox 398 1587 533 1634; x_wconf 85' lang='lat' dir='ltr'>statuendum,</span> <span class='ocrx_word' id='word_1_170' title='bbox 553 1587 607 1636; x_wconf 88' lang='lat' dir='ltr'>quod</span> <span class='ocrx_word' id='word_1_171' title='bbox 621 1587 641 1625; x_wconf 92' lang='lat' dir='ltr'>in</span> <span class='ocrx_word' id='word_1_172' title='bbox 656 1587 725 1626; x_wconf 87' lang='lat' dir='ltr'>ordine</span> 
     </span>
     <span class='ocr_line' id='line_1_22' title="bbox 52 1656 726 1705; baseline 0 -10"><span class='ocrx_word' id='word_1_173' title='bbox 52 1662 120 1695; x_wconf 87' lang='lat' dir='ltr'>nostro</span> <span class='ocrx_word' id='word_1_174' title='bbox 130 1656 170 1695; x_wconf 91' lang='lat' dir='ltr'>sint</span> <span class='ocrx_word' id='word_1_175' title='bbox 185 1661 229 1695; x_wconf 91' lang='lat' dir='ltr'>octo</span> <span class='ocrx_word' id='word_1_176' title='bbox 242 1656 306 1695; x_wconf 85' lang='lat' dir='ltr'>studia</span> <span class='ocrx_word' id='word_1_177' title='bbox 316 1656 419 1705; x_wconf 81' lang='lat' dir='ltr'>generalia,</span> <span class='ocrx_word' id='word_1_178' title='bbox 431 1656 472 1694; x_wconf 89' lang='lat' dir='ltr'>scil.</span> <span class='ocrx_word' id='word_1_179' title='bbox 480 1656 563 1703; x_wconf 82' lang='lat' dir='ltr'>Parisiis,</span> <span class='ocrx_word' id='word_1_180' title='bbox 577 1656 675 1705; x_wconf 86' lang='lat' dir='ltr'>Tholosae‚</span> <span class='ocrx_word' id='word_1_181' title='bbox 688 1657 726 1695; x_wconf 87' lang='lat' dir='ltr'>Bo-</span> 
     </span>
     <span class='ocr_line' id='line_1_23' title="bbox 52 1725 725 1776; baseline 0.001 -13"><span class='ocrx_word' id='word_1_182' title='bbox 52 1726 124 1771; x_wconf 87' lang='lat' dir='ltr'>noniae,</span> <span class='ocrx_word' id='word_1_183' title='bbox 138 1726 248 1771; x_wconf 75' lang='lat' dir='ltr'>Florentiae,</span> <span class='ocrx_word' id='word_1_184' title='bbox 261 1726 281 1763; x_wconf 88' lang='lat' dir='ltr'>in</span> <span class='ocrx_word' id='word_1_185' title='bbox 296 1727 363 1763; x_wconf 86' lang='lat' dir='ltr'>Monte</span> <span class='ocrx_word' id='word_1_186' title='bbox 378 1726 492 1773; x_wconf 87' lang='lat' dir='ltr'>Pessulano‚</span> <span class='ocrx_word' id='word_1_187' title='bbox 505 1725 600 1770; x_wconf 85' lang='lat' dir='ltr'>Coloniae,</span> <span class='ocrx_word' id='word_1_188' title='bbox 614 1725 633 1763; x_wconf 89' lang='lat' dir='ltr'>in</span> <span class='ocrx_word' id='word_1_189' title='bbox 653 1725 725 1776; x_wconf 84' lang='lat' dir='ltr'>Anglia</span> 
     </span>
     <span class='ocr_line' id='line_1_24' title="bbox 52 1794 520 1834; baseline 0 -2"><span class='ocrx_word' id='word_1_190' title='bbox 52 1795 159 1834; x_wconf 85' lang='lat' dir='ltr'>Londoniis</span> <span class='ocrx_word' id='word_1_191' title='bbox 172 1800 191 1833; x_wconf 89' lang='lat' dir='ltr'>et</span> <span class='ocrx_word' id='word_1_192' title='bbox 202 1795 222 1833; x_wconf 95' lang='lat' dir='ltr'>in</span> <span class='ocrx_word' id='word_1_193' title='bbox 235 1799 336 1833; x_wconf 89' lang='lat' dir='ltr'>conventu</span> <span class='ocrx_word' id='word_1_194' title='bbox 347 1795 442 1833; x_wconf 84' lang='lat' dir='ltr'>Romanae</span> <span class='ocrx_word' id='word_1_195' title='bbox 450 1794 520 1833; x_wconf 83' lang='lat' dir='ltr'>Curiae.</span> 
     </span>
    </p>

    <p class='ocr_par' dir='ltr' id='par_1_5' title="bbox 50 1864 727 2329">
     <span class='ocr_line' id='line_1_25' title="bbox 78 1864 723 1913; baseline 0 -11"><span class='ocrx_word' id='word_1_196' title='bbox 78 1877 97 1902; x_wconf 91' lang='lat'>2.</span> <span class='ocrx_word' id='word_1_197' title='bbox 111 1865 141 1902; x_wconf 85' lang='lat' dir='ltr'>Ad</span> <span class='ocrx_word' id='word_1_198' title='bbox 160 1865 248 1903; x_wconf 88' lang='lat' dir='ltr'>studium</span> <span class='ocrx_word' id='word_1_199' title='bbox 264 1876 311 1902; x_wconf 84' lang='lat' dir='ltr'>vero</span> <span class='ocrx_word' id='word_1_200' title='bbox 324 1864 430 1913; x_wconf 84' lang='lat' dir='ltr'>parisiense</span> <span class='ocrx_word' id='word_1_201' title='bbox 440 1869 531 1903; x_wconf 80' lang='lat' dir='ltr'>teneatur</span> <span class='ocrx_word' id='word_1_202' title='bbox 544 1876 579 1913; x_wconf 89' lang='lat' dir='ltr'>per</span> <span class='ocrx_word' id='word_1_203' title='bbox 592 1864 723 1903; x_wconf 84' lang='lat' dir='ltr'>obedientiam</span> 
     </span>
     <span class='ocr_line' id='line_1_26' title="bbox 52 1932 726 1985; baseline 0 -14"><span class='ocrx_word' id='word_1_204' title='bbox 52 1933 130 1971; x_wconf 87' lang='lat' dir='ltr'>mittere</span> <span class='ocrx_word' id='word_1_205' title='bbox 141 1932 183 1984; x_wconf 76' lang='lat' dir='ltr'>(Fol</span> <span class='ocrx_word' id='word_1_206' title='bbox 204 1932 250 1985; x_wconf 76' lang='lat' dir='ltr'>abb)</span> <span class='ocrx_word' id='word_1_207' title='bbox 261 1933 323 1971; x_wconf 85' lang='lat' dir='ltr'>Sicilia</span> <span class='ocrx_word' id='word_1_208' title='bbox 341 1933 455 1971; x_wconf 89' lang='lat' dir='ltr'>studentem</span> <span class='ocrx_word' id='word_1_209' title='bbox 473 1944 544 1978; x_wconf 91' lang='lat' dir='ltr'>unum,</span> <span class='ocrx_word' id='word_1_210' title='bbox 561 1933 661 1983; x_wconf 89' lang='lat' dir='ltr'>provincia</span> <span class='ocrx_word' id='word_1_211' title='bbox 672 1934 726 1971; x_wconf 87' lang='lat' dir='ltr'>Nar-</span> 
     </span>
     <span class='ocr_line' id='line_1_27' title="bbox 50 2002 725 2049; baseline 0 -9"><span class='ocrx_word' id='word_1_212' title='bbox 50 2003 109 2041; x_wconf 85' lang='lat' dir='ltr'>bonae</span> <span class='ocrx_word' id='word_1_213' title='bbox 121 2003 179 2046; x_wconf 87' lang='lat' dir='ltr'>duos,</span> <span class='ocrx_word' id='word_1_214' title='bbox 189 2003 266 2041; x_wconf 87' lang='lat' dir='ltr'>Francia</span> <span class='ocrx_word' id='word_1_215' title='bbox 273 2002 331 2049; x_wconf 80' lang='lat' dir='ltr'>duos,</span> <span class='ocrx_word' id='word_1_216' title='bbox 340 2002 442 2040; x_wconf 88' lang='lat' dir='ltr'>Alemania</span> <span class='ocrx_word' id='word_1_217' title='bbox 451 2002 596 2048; x_wconf 83' lang='lat' dir='ltr'>interiorduos,</span> <span class='ocrx_word' id='word_1_218' title='bbox 607 2002 725 2041; x_wconf 76' lang='lat' dir='ltr'>lumbardia</span> 
     </span>
     <span class='ocr_line' id='line_1_28' title="bbox 52 2071 726 2121; baseline 0.001 -12"><span class='ocrx_word' id='word_1_219' title='bbox 52 2072 110 2115; x_wconf 84' lang='lat' dir='ltr'>duos,</span> <span class='ocrx_word' id='word_1_220' title='bbox 126 2072 232 2121; x_wconf 83' lang='lat' dir='ltr'>Aquitania</span> <span class='ocrx_word' id='word_1_221' title='bbox 244 2072 302 2119; x_wconf 88' lang='lat' dir='ltr'>duos,</span> <span class='ocrx_word' id='word_1_222' title='bbox 314 2071 383 2110; x_wconf 84' lang='lat' dir='ltr'>Tuscia</span> <span class='ocrx_word' id='word_1_223' title='bbox 393 2083 464 2117; x_wconf 88' lang='lat' dir='ltr'>unum,</span> <span class='ocrx_word' id='word_1_224' title='bbox 475 2072 567 2121; x_wconf 81' lang='lat' dir='ltr'>Hispania</span> <span class='ocrx_word' id='word_1_225' title='bbox 580 2072 637 2116; x_wconf 92' lang='lat' dir='ltr'>duos,</span> <span class='ocrx_word' id='word_1_226' title='bbox 651 2077 671 2110; x_wconf 86' lang='lat' dir='ltr'>et</span> <span class='ocrx_word' id='word_1_227' title='bbox 681 2083 726 2121; x_wconf 83' lang='lat' dir='ltr'>pro-</span> 
     </span>
     <span class='ocr_line' id='line_1_29' title="bbox 51 2141 726 2191; baseline 0 -12"><span class='ocrx_word' id='word_1_228' title='bbox 51 2141 250 2191; x_wconf 88' lang='lat' dir='ltr'>vinciaNeapolitana</span> <span class='ocrx_word' id='word_1_229' title='bbox 258 2142 352 2179; x_wconf 88' lang='lat' dir='ltr'>unumad</span> <span class='ocrx_word' id='word_1_230' title='bbox 360 2141 456 2180; x_wconf 85' lang='lat' dir='ltr'>minusad</span> <span class='ocrx_word' id='word_1_231' title='bbox 463 2141 726 2181; x_wconf 85' lang='lat' dir='ltr'>studiumParisiusmittere</span> 
     </span>
     <span class='ocr_line' id='line_1_30' title="bbox 52 2211 726 2261; baseline 0.001 -13"><span class='ocrx_word' id='word_1_232' title='bbox 52 2211 186 2250; x_wconf 86' lang='lat' dir='ltr'>teneanturad</span> <span class='ocrx_word' id='word_1_233' title='bbox 196 2216 290 2261; x_wconf 88' lang='lat' dir='ltr'>sumptus</span> <span class='ocrx_word' id='word_1_234' title='bbox 299 2222 417 2249; x_wconf 87' lang='lat' dir='ltr'>communes</span> <span class='ocrx_word' id='word_1_235' title='bbox 425 2222 506 2249; x_wconf 87' lang='lat' dir='ltr'>suarum</span> <span class='ocrx_word' id='word_1_236' title='bbox 515 2211 670 2260; x_wconf 86' lang='lat' dir='ltr'>provinciarum,</span> <span class='ocrx_word' id='word_1_237' title='bbox 681 2222 726 2260; x_wconf 85' lang='lat' dir='ltr'>quae</span> 
     </span>
     <span class='ocr_line' id='line_1_31' title="bbox 52 2280 727 2329; baseline 0 -11"><span class='ocrx_word' id='word_1_238' title='bbox 52 2281 138 2318; x_wconf 89' lang='lat' dir='ltr'>habeant</span> <span class='ocrx_word' id='word_1_239' title='bbox 146 2280 204 2318; x_wconf 87' lang='lat' dir='ltr'>etiam</span> <span class='ocrx_word' id='word_1_240' title='bbox 214 2280 298 2318; x_wconf 82' lang='lat' dir='ltr'>tribuere</span> <span class='ocrx_word' id='word_1_241' title='bbox 312 2280 364 2318; x_wconf 81' lang='lat' dir='ltr'>dicto</span> <span class='ocrx_word' id='word_1_242' title='bbox 374 2280 480 2319; x_wconf 88' lang='lat' dir='ltr'>conventui</span> <span class='ocrx_word' id='word_1_243' title='bbox 492 2280 576 2319; x_wconf 84' lang='lat' dir='ltr'>Parisius</span> <span class='ocrx_word' id='word_1_244' title='bbox 588 2292 623 2329; x_wconf 90' lang='lat' dir='ltr'>pro</span> <span class='ocrx_word' id='word_1_245' title='bbox 638 2280 727 2329; x_wconf 87' lang='lat' dir='ltr'>quolibet</span> 
     </span>
    </p>

    <p class='ocr_par' dir='ltr' id='par_1_6' title="bbox 39 2350 725 2470">
     <span class='ocr_line' id='line_1_32' title="bbox 39 2350 725 2400; baseline 0.003 -14"><span class='ocrx_word' id='word_1_246' title='bbox 39 2350 153 2388; x_wconf 84' lang='lat' dir='ltr'>annuatim</span> <span class='ocrx_word' id='word_1_247' title='bbox 164 2350 193 2388; x_wconf 86' lang='lat' dir='ltr'>CL</span> <span class='ocrx_word' id='word_1_248' title='bbox 205 2361 287 2400; x_wconf 80' lang='lat' dir='ltr'>grossos</span> <span class='ocrx_word' id='word_1_249' title='bbox 305 2354 324 2387; x_wconf 91' lang='lat' dir='ltr'>et</span> <span class='ocrx_word' id='word_1_250' title='bbox 335 2350 414 2388; x_wconf 87' lang='lat' dir='ltr'>cuilibet</span> <span class='ocrx_word' id='word_1_251' title='bbox 425 2350 514 2399; x_wconf 88' lang='lat' dir='ltr'>ipsorum</span> <span class='ocrx_word' id='word_1_252' title='bbox 526 2350 575 2388; x_wconf 86' lang='lat' dir='ltr'>LXX</span> <span class='ocrx_word' id='word_1_253' title='bbox 592 2361 675 2399; x_wconf 83' lang='lat' dir='ltr'>grossos</span> <span class='ocrx_word' id='word_1_254' title='bbox 689 2361 725 2400; x_wconf 89' lang='lat' dir='ltr'>pro</span> 
     </span>
     <span class='ocr_line' id='line_1_33' title="bbox 39 2419 725 2470; baseline 0.003 -14"><span class='ocrx_word' id='word_1_255' title='bbox 39 2448 40 2451; x_wconf 64' lang='lat'>,</span> <span class='ocrx_word' id='word_1_256' title='bbox 53 2419 153 2458; x_wconf 88' lang='lat' dir='ltr'>vestiario.</span> <span class='ocrx_word' id='word_1_257' title='bbox 169 2431 188 2470; x_wconf 75' lang='lat'>3.</span> <span class='ocrx_word' id='word_1_258' title='bbox 205 2420 253 2458; x_wconf 85' lang='lat' dir='ltr'>Etsi</span> <span class='ocrx_word' id='word_1_259' title='bbox 269 2419 372 2468; x_wconf 82' lang='lat' dir='ltr'>contingat</span> <span class='ocrx_word' id='word_1_260' title='bbox 383 2419 486 2468; x_wconf 77' lang='lat' dir='ltr'>praedictas</span> <span class='ocrx_word' id='word_1_261' title='bbox 498 2419 609 2468; x_wconf 88' lang='lat' dir='ltr'>provincias</span> <span class='ocrx_word' id='word_1_262' title='bbox 621 2419 725 2458; x_wconf 88' lang='lat' dir='ltr'>studentes</span> 
     </span>
    </p>
   </div>
   <div class='ocr_carea' id='block_1_5' title="bbox 0 0 825 2703">
    <p class='ocr_par' dir='ltr' id='par_1_7' title="bbox 0 0 825 2703">
     <span class='ocr_line' id='line_1_34' title="bbox 0 0 825 2703; baseline 0 0"><span class='ocrx_word' id='word_1_263' title='bbox 0 0 825 2703; x_wconf 95' lang='lat' dir='ltr'> </span> 
     </span>
    </p>
   </div>
  </div>
 </body>
</html>
