1631 2703
102 81 139 120 216
361 91 507 119 rouorarroues
518 97 520 100 >

75 209 83 219 κ
100 172 166 204 tamen
176 168 250 205 nullam
261 167 279 204 in
290 167 365 216 Europa
377 172 422 204 ante
432 178 505 204 annum
520 177 567 216 1235
579 164 702 203 residentiam
714 164 771 201 lrabe-

102 240 145 273 rent
151 227 233 285 praelatis
244 236 299 284 quasi
306 236 399 284 incogniti
410 240 471 273 erant.
480 235 564 283 ldeoque
573 247 582 271 a
591 233 727 283 persecutione
737 233 770 271 Sa-

102 316 217 343 racenorum
231 305 329 354 fugientes
341 305 467 342 Occidentem
476 315 545 342 versus
561 316 571 340 a
584 303 681 352 plerisque
696 302 771 351 episco-

102 374 132 422 pis
144 374 214 422 recepti
228 385 266 411 non
277 375 329 411 fuere
338 385 360 411 ac
372 373 386 411 si
403 378 469 410 contra
482 377 600 420 praeceptum
618 371 769 409 ecclesiasticum

102 443 186 481 instituti
194 443 283 481 tuissent.
294 443 321 481 Re
334 443 412 491 quidem
425 442 573 479 verallonorius
585 442 603 478 lll
614 445 632 478 et
644 439 770 478 innocentius

103 512 127 549 lV
137 510 171 561 (30
180 512 264 559 januarii
275 511 323 548 1226
334 517 352 549 et
364 511 430 558 8Junii
444 511 501 560 1245)
509 511 596 559 regulam
606 509 769 557 approbaverant,

103 586 122 618 at
132 581 151 618 in
164 580 231 618 litteris
239 581 343 629 pontificiis
351 580 401 617 sicut
410 585 428 617 et
441 580 459 617 in
471 580 536 628 regula
546 583 622 616 tantum
635 578 659 615 de
669 583 769 615 conventu

103 650 122 687 in
136 655 203 687 monte
214 650 296 687 Carmeli
311 654 404 693 extructo,
423 660 462 686 non
478 659 523 685 vero
532 647 768 684 deordineCarmelitano

103 718 207 767 agebatur3
219 718 287 755 exinde
299 717 413 766 approbatio
426 728 465 754 non
479 717 502 753 de
514 715 587 753 Ordine
595 715 629 752 sed
638 715 661 752 de
671 716 713 753 solo
724 726 771 752 con-

104 792 164 824 ventu
173 787 205 824 illo
217 787 317 824 videbatur
334 785 464 834 intelligenda.
483 786 562 832 Insuper
573 788 592 821 et
604 784 641 820 boc
658 783 700 832 ipso
717 795 769 820 anno

103 854 136 905 (13
144 855 194 902 lunii
205 854 263 906 1245)
271 854 394 892 Innocentius
402 866 413 890 <r
421 854 486 891 locum
496 852 543 903 (troc
553 857 582 890 est
589 863 677 889 eremum
688 852 706 888 in
715 863 775 889 mon--

105 930 123 961 te
135 924 227 971 Carmeli)
238 924 257 960 in
266 935 305 971 quo
318 923 383 961 divino
395 923 442 960 estis
452 922 548 970 obsequio
561 920 665 969 mancipati
674 932 693 964 a,
703 921 741 958 sub
750 921 774 959 Β,-

105 992 154 1030 Petri
164 1004 238 1040 suaque
248 992 367 1040 protectione
375 991 468 1039 suscepit.
477 991 561 1039 Urgebat
567 1001 614 1039 ergo
622 989 732 1038 impetratio
740 1001 773 1038 ap-

105 1061 225 1110 probationis
245 1061 306 1098 totius
323 1060 397 1098 ordinis
414 1061 438 1097 ab
451 1060 518 1097 eadem
538 1058 651 1096 auctoritate
667 1069 712 1106 quae
724 1058 771 1095 olim

106 1130 251 1168 institutionem
264 1141 361 1167 novorum
374 1129 466 1166 ordinum
478 1132 571 1165 vetuerat.
585 1128 624 1164 Hac
645 1127 718 1164 ratione
741 1127 774 1164 du-

106 1204 149 1236 ctus
164 1198 263 1235 mandavit
273 1198 291 1236 S.
302 1197 369 1236 Simon
377 1197 436 1235 Stock
445 1195 500 1248 (sane
510 1196 623 1234 auctoritate
630 1195 709 1244 capituli
715 1207 774 1244 gene-

107 1267 159 1317 ralis)
171 1268 238 1304 tratres
247 1267 377 1315 Reginaldum
390 1271 408 1303 et
415 1266 492 1303 Petrum
503 1266 526 1302 de
538 1265 628 1302 Folsham
637 1265 661 1301 ad
671 1275 773 1302 summum

107 1336 218 1384 pontificem
237 1341 258 1373 ut
275 1335 445 1373 confirmationem
464 1334 537 1372 ordinis
555 1339 580 1379 et,
600 1345 624 1371 ne
640 1335 707 1383 regula
727 1334 772 1382 plus

106 1416 216 1453 aequopro
235 1405 321 1453 partibus
343 1404 495 1441 occidentalibus
515 1403 598 1441 strictior
619 1401 773 1451 religiosam'vi-

106 1480 145 1511 tam
158 1473 299 1511 intolerabilem
313 1473 407 1519 redderet,
424 1474 466 1520 eius
478 1470 619 1521 mitigationem
638 1472 772 1519 impetrarent.

106 1543 140 1580 Die
148 1541 222 1589 26Julii
235 1553 283 1589 1247
297 1542 421 1579 Innocentius
431 1541 607 1579 concessitlitteras
619 1527 774 1578 commendatio-

107 1611 143 1655 nis,
158 1617 176 1648 et
185 1611 215 1648 die
230 1622 234 1647 1
255 1611 374 1658 Septembris
386 1610 474 1659 eiusdem
487 1609 531 1647 anni
548 1609 641 1647 correctio
654 1610 726 1657 regulae
741 1620 774 1657 per

107 1680 252 1717 commissarios
262 1692 271 1716 a
290 1691 369 1717 summo
378 1679 470 1727 pontitice
480 1679 597 1716 constitutos
607 1679 690 1726 perfecta
697 1679 743 1725 est(
757 1676 772 1726 1.

108 1750 164 1786 Exeo
174 1760 221 1797 ergo
234 1749 287 1796 quod
300 1749 384 1796 primum
395 1747 501 1785 concilium
513 1747 643 1796 lugdunense
653 1758 704 1784 anno
726 1757 773 1794 1245

108 1818 240 1854 coadunatum
253 1818 326 1854 nullam
339 1817 412 1854 ordinis
424 1816 585 1865 approbationem
597 1815 715 1853 concesserit
723 1816 774 1852 vide-

109 1890 140 1922 tur·
153 1886 225 1922 nullam
238 1885 298 1922 luisse
308 1885 395 1933 petitam,
408 1890 426 1922 et
439 1884 518 1932 quidem
531 1895 570 1921 non
583 1884 662 1932 petitam
675 1883 720 1931 quia
731 1887 776 1920 ante

110 1954 157 1991 illud
166 1953 270 1991 concilium
284 1954 360 1991 nullum
373 1954 462 2002 generale
471 1952 618 1990 Carmelitarum
630 1951 736 2000 capitulum
746 1964 777 1989 ce-

109 2023 205 2059 lebratum
218 2023 292 2068 luerat;
306 2022 357 2059 unde
367 2022 429 2059 infero
442 2022 548 2070 capitulum
564 2021 587 2058 ad
597 2021 652 2069 cujus
662 2020 775 2069 petitionem

110 2091 222 2139 approbatio
240 2102 332 2128 concessa
344 2096 373 2128 est
382 2102 433 2128 anno
447 2101 494 2138 1247
504 2092 569 2127 locum
582 2089 680 2127 habuisse,
692 2089 775 2127 Canoni-

110 2172 152 2197 cam
173 2160 252 2197 tandem
273 2159 433 2208 approbationem
454 2159 528 2197 ordinis
544 2159 653 2196 secundum
672 2158 775 2196 concilium

132 2354 160 2396 (1)
171 2353 276 2396 Bullarium,
287 2355 300 2387 l.
311 2353 321 2386 8
333 2364 372 2396 sqq.
