1616 2703
281 118 305 145 oe
315 116 381 145 noura
393 116 480 143 canneto
679 106 714 142 281

44 191 111 235 Monte
127 190 210 233 Carmeli
227 192 349 238 dicebantur,
362 191 433 230 exinde
450 191 539 229 Eremitae
556 190 631 229 Sarrctae
655 191 720 229 Mariae

43 266 67 304 de
78 265 145 302 Monte
154 262 238 301 Carmeli
248 267 390 311 nuncupantur
403 259 441 313 (ι).
452 262 472 299 ln
485 272 544 310 opere
557 261 611 311 Citaa
622 262 645 297 rie
651 261 721 309 Jlaerrr-

43 335 101 374 salam
112 332 215 382 sequentia
227 332 303 371 invenis
318 344 322 370 ε
484 335 486 339 ’

70 403 155 452 «Prope
170 402 268 441 abbatiam
281 402 300 441 S.
317 402 425 452 Margaritae
440 401 459 438 in
472 402 532 438 latere
543 400 631 450 ejusdem
645 401 719 439 montis

43 471 144 523 (Carmeli)
158 472 277 510 delectabilis
290 473 345 510 locus
357 471 456 510 invenitur
470 470 505 508 ubi
517 470 604 508 eremitae
619 470 673 507 latini
686 471 720 507 ba-

43 543 106 582 bitant
117 542 151 591 qui
168 541 262 580 dicuutur
279 542 354 579 Fratres
367 541 391 579 de
410 540 513 588 Carmelo;
527 539 552 577 ibi
568 544 598 577 est
614 551 672 588 parva
690 552 720 577 ec-

44 613 101 652 clesia
117 611 237 650 Beatissimae
254 612 357 661 Virginis3
371 611 390 649 in
412 611 444 649 illo
461 610 559 648 territorio
572 610 720 659 superabundat

43 683 156 732 aquabona
168 681 277 720 scaturiens
289 694 299 719 e
315 681 405 730 rupibus.
419 680 502 718 Abbatia
511 680 627 718 Graecorum
639 680 663 717 ab
678 692 719 718 ere-

43 752 96 791 mitis
108 751 173 790 latinis
183 751 242 790 distat
253 763 288 800 per·
299 763 360 790 unam
370 752 445 789 leucam
458 762 503 788 curn
516 749 617 788 dimidia»
628 749 665 801 (2).

69 823 129 860 Anno
153 820 201 860 1226
217 822 270 871 prior
285 827 304 859 et
320 823 389 859 fratres
403 820 490 859 eremitae
508 820 532 858 de
544 821 612 869 Monte
622 819 717 858 'Carmelo

43 892 172 941 impetrarunt
186 892 210 929 ab
228 891 315 930 Honorio
333 891 352 929 lll
370 890 535 940 approbationem
555 891 629 940 regulae
646 902 680 939 per
697 890 717 928 S.

43 961 147 1000 Albertum
160 962 203 999 latae
220 962 257 1012 (3),
278 966 302 999 et·
317 960 405 999 similiter
416 972 469 998 anno
491 960 582 1009 sequenti
603 960 715 998 facultatem

43 1031 169 1081 dispensandi
181 1042 240 1080 super
256 1030 354 1080 apostasia
368 1036 388 1068 et
404 1030 544 1080 irregularitate
556 1038 601 1068 ante
613 1029 719 1079 ingressio-

43 1113 88 1139 nem
105 1100 206 1151 religionis
218 1105 317 1139 contracta
329 1098 367 1152 (4).
384 1100 419 1138 Die
431 1098 443 1138 ὁ
455 1100 528 1149 Aprilis
544 1111 593 1151 1229
608 1099 718 1149 Gregorius

42 1171 65 1209 ll(
77 1171 188 1220 probibet«
204 1182 229 1209 ne
247 1171 267 1208 in
286 1171 425 1220 proprietatem
446 1170 470 1208 de
488 1174 553 1208 cetero
571 1169 631 1207 eremi
647 1174 718 1207 vestrae

42 1242 83 1279 loca
94 1241 125 1279 vel
135 1240 273 1290 possessiones
286 1252 321 1278 seu
332 1240 404 1278 domos
416 1244 450 1277 aut
460 1239 547 1277 redditus
559 1239 608 1277 alios
621 1238 716 1287 recipiatis

42 1311 82 1349 ullo
95 1310 162 1356 modo,
174 1311 205 1348 vel
217 1310 342 1359 praesumatis
352 1310 431 1354 babere,
445 1314 515 1358 praeter
534 1309 600 1347 asinos
616 1309 716 1347 masculos

42 1384 61 1418 et
72 1379 279 1430 aliquod-animalium
293 1391 327 1417 seu
337 1379 446 1417 volatilium
459 1379 605 1417 nutrimentum
615 1377 647 1427 (5)
657 1390 677 1416 a.

65 1449 165 1496 lohannes
177 1449 202 1487 de
211 1450 286 1487 Veneta
297 1447 328 1497 (6)
340 1450 398 1486 refert
410 1449 526 1486 miraculum
538 1448 602 1497 (quod
618 1452 686 1496 postea
696 1448 717 1485 B.

42 1519 126 1567 Baptista
147 1520 266 1557 Mantuanus
285 1519 376 1557 versibus
396 1517 506 1569 exornavit)
518 1518 542 1555 de
562 1518 617 1555 sonte
632 1517 651 1555 S.
672 1517 718 1554 Eliae

42 1599 101 1637 quem
114 1588 159 1626 dicit
168 1588 261 1626 fratribus
270 1589 386 1627 absentibus
397 1588 494 1632 exsiccari,
510 1588 559 1636 ipsis
572 1587 717 1625 revertentibus

42 1657 67 1695 de
76 1669 128 1696 novo
140 1658 212 1696 stillare
223 1663 350 1696 consuetum.
367 1658 479 1696 infidelibus
490 1657 589 1695 civitatem
602 1657 669 1695 Accon
682 1656 718 1693 ob-

64 1834 86 1875 (r)
96 1832 181 1865 Histoire
190 1833 212 1865 de
221 1832 300 1873 l'Ordre,
312 1833 331 1865 P.
341 1832 356 1865 5.
368 1831 475 1872 Bullatium,
483 1832 496 1870 l,
507 1842 524 1873 4.

48 1905 50 1908 ’
64 1891 85 1933 i²i
96 1891 179 1924 Secunda
188 1901 229 1933 pars
239 1890 299 1933 operis
310 1903 317 1921 (ι
327 1890 343 1924 C
345 1891 378 1935 itaq
387 1890 409 1923 de
420 1890 533 1923 ,iherusalem
541 1902 549 1920 ι)
557 1888 660 1932 conscripta
670 1888 717 1921 circa

42 1959 110 1981 annum
123 1959 172 1981 1220.
182 1949 274 1982 Palestine
282 1948 378 1994 Pilgrims'
390 1948 436 1981 Text
444 1949 485 1981 Soc.
495 1948 548 1990 (edit.
561 1947 619 1990 angl.)
630 1949 649 1980 P.
659 1948 687 1980 31.

63 2008 85 2050 [ll
99 2007 206 2049 Bullarium‚
225 2008 239 2040 Ι.
250 2016 264 2040 1.
277 2008 351 2041 Festum
371 2006 558 2039 Commemorationis
567 2006 655 2039 solemnis
665 2007 685 2039 B.
695 2007 718 2039 V.

43 2065 67 2097 M.
78 2073 119 2108 post
128 2076 197 2098 annum
210 2065 253 2108 1376
266 2073 284 2098 et
299 2073 341 2098 ante
359 2065 403 2098 1386
416 2065 522 2098 institutum
533 2064 568 2097 fuit
585 2064 604 2097 in
619 2064 719 2106 gratiarum

42 2124 133 2157 actionem
143 2134 176 2167 pro
185 2119 220 2156 hac
229 2122 399 2167 approbatione.Cf.
409 2123 505 2167 legendam
513 2122 597 2156 breviarii
604 2136 611 2153 a
619 2122 719 2156 inviolabi-

42 2181 64 2214 lis
73 2182 201 2226 antiquitatis»
215 2190 233 2216 et
244 2183 353 2226 opusculum
365 2193 425 2215 meum
438 2195 445 2213 a
457 2182 494 2215 The
506 2182 573 2228 Origin
583 2183 606 2228 ⁰f
612 2182 641 2215 the
649 2182 719 2226 Scapu-

43 2239 88 2273 istrr
100 2242 119 2274 P.
131 2241 159 2274 36.

64 2299 87 2342 (4)
96 2299 143 2332 Ibid.
155 2301 175 2332 P.
188 2310 205 2341 4.

65 2359 88 2400 (5)
97 2358 110 2391 l.
121 2369 137 2392 c.

64 2416 86 2460 (6)
95 2417 195 2461 Speculum
203 2417 281 2451 Carmel.
290 2418 303 2451 I.
314 2428 353 2460 204,
365 2428 382 2451 n.
391 2417 430 2450 882.
438 2416 534 2451 Mantuani
543 2416 686 2450 Fastorumlibr.
698 2417 715 2450 8.
