1616 2703
102 88 142 126 240
333 84 335 88 ·
383 87 495 117 caratoous

100 164 145 201 dme
154 163 266 202 dimicando
275 164 338 203 eidem
350 160 477 203 adversantes
487 164 558 203 devicit
564 176 641 211 omnes,
649 176 731 215 remque
739 165 776 203 Eu-

99 233 151 283 genii
161 245 216 284 papae
225 245 269 284 quae
279 239 327 273 tunc
336 232 433 273 fluctuose
443 235 554 283 agitabatur
564 240 586 273 ut
595 235 694 285 propriam
706 246 777 273 curans

100 304 183 342 durante
191 304 273 343 concilio
284 301 329 354 post
338 304 496 353 assumptionem
504 304 592 354 Magistri
601 305 738 343 Bartlrolomaei
753 305 777 343 de

99 373 166 412 Rocali
185 379 233 412 tunc
252 374 389 412 Generalis-ad
406 373 541 423 episcopatum
561 374 777 419 Massiliensemnutlo

99 443 215 481 adversante
233 443 333 482 Generalis
352 443 433 482 Ordinis
452 448 534 482 creatur.
560 444 607 482 lnde
622 444 720 494 Regensis
737 443 778 493 epi-

99 525 173 563 scopus
185 515 247 552 factus
262 513 282 552 in
295 506 490 563 summoque'pretio
505 513 583 552 habitus
595 514 655 552 finem
668 513 777 564 agensseli-

84 585 86 588 ’
100 595 143 622 cem
153 584 173 621 in
185 583 265 622 ecclesia
274 595 309 622 sua
322 584 411 633 sepultus
423 588 453 622 est
464 595 517 622 anno
528 583 608 622 Domini
622 582 678 632 1460.
689 581 720 635 (r)

126 652 219 702 Magister
228 654 394 701 fraterlohannes
403 653 471 691 Soreth
490 657 549 691 natus
560 653 690 691 Normannus
703 653 775 691 dioece·

100 722 128 760 sis
148 721 314 767 constantiensis,
330 726 376 771 post
387 721 546 770 assumptionem
556 722 619 771 ipsius
629 723 678 772 Faey
690 723 714 761 ad
727 734 776 772 prae-

100 792 186 830 sulatum
199 790 317 841 Regensem,
340 791 409 829 doctor
421 780 535 829 parisiensis
548 795 567 829 et
579 790 705 840 provincialis
716 791 776 829 Fran-

99 860 133 899 ciae
144 864 296 909 conventusque
308 860 438 898 Cadomensis
447 861 478 909 (2)
490 860 515 899 ob
525 861 567 910 ejus
580 860 702 911 singularem
715 860 776 899 virtu-

99 934 139 967 tem
151 929 273 978 Ordinisque
291 930 357 967 zelum
369 930 422 979 apud
441 929 561 968 Avinionem
580 929 599 968 in
612 930 703 979 Capitulo
715 941 776 979 geno.

100 999 133 1036 rali
144 993 264 1048 congregato
277 999 412 1048 generalatum
429 999 575 1037 affirmantibus
589 999 676 1048 singulis
688 998 775 1049 suscepit

100 1068 272 1116 clamantibusque
284 1067 383 1106 universis
395 1069 472 1106 nullum
482 1067 501 1105 in
513 1068 588 1106 Ordine
605 1068 641 1105 sibi
652 1069 693 1106 lore
705 1079 775 1106 secun-

100 1138 156 1175 dum.
166 1137 205 1183 Qu
218 1138 284 1186 plures
296 1148 331 1186 per
342 1148 405 1175 annos
413 1137 509 1175 Ordinem
519 1137 586 1186 ipsum
594 1137 707 1187 regulariter
718 1137 774 1183 rexit,

100 1208 190 1247 visitabat
202 1208 311 1257 provincias
328 1208 419 1258 singulas
439 1207 576 1256 plurimosque
599 1219 623 1246 ex
643 1208 775 1258 conventibus

99 1277 224 1316 reformando
237 1278 260 1315 ad
269 1276 314 1315 dicti
322 1277 402 1315 Ordinis
415 1289 481 1314 veram
495 1278 553 1315 obser
564 1275 614 1328 (Fol.
628 1278 674 1325 58b)
686 1277 773 1315 vantram

99 1347 188 1385 videlicet
200 1346 336 1390 leodiensem,
348 1347 533 1394 Mousterolensem,
547 1347 715 1391 attrebatensem
724 1347 776 1384 Gan-

98 1416 181 1454 densem
194 1421 231 1454 etc.
245 1416 307 1465 Cujus
319 1415 427 1454 sanctitatis
440 1415 535 1465 exemplis
547 1420 566 1453 et
578 1416 674 1454 doctrinis
686 1420 775 1465 permota

99 1484 177 1523 ducissa
188 1485 292 1523 Britanniae
303 1485 363 1523 vidua
373 1497 397 1523 ex
417 1485 459 1534 ejus
473 1485 532 1522 sacris
545 1485 636 1523 manibus
649 1484 729 1523 Ordinis
742 1485 775 1522 ha,

98 1553 161 1592 bitum
171 1554 245 1592 saeculo
257 1554 400 1591 abrenuntians
413 1559 432 1591 et
441 1553 583 1592 monasterium
597 1554 715 1591 seminarum
727 1553 773 1591 dicti

98 1622 178 1662 Ordinis
188 1628 207 1660 et
224 1623 266 1661 voti
277 1623 385 1661 instituens
396 1622 483 1668 tradidit,
496 1623 626 1672 postmodum
639 1622 683 1661 virae
695 1622 775 1671 integri-

97 1697 136 1731 tate
148 1698 167 1730 et
184 1693 278 1742 opinione
293 1692 414 1731 clarissimus
426 1692 541 1742 Andegavis
553 1697 639 1731 mortem
657 1692 719 1730 obivit
730 1704 773 1741 pre-

98 1762 169 1801 tiosam
179 1762 198 1800 in
207 1767 308 1801 conventu
328 1766 373 1800 ante
390 1761 498 1800 sacristiam
513 1762 604 1811 sepultus
621 1772 673 1800 anno
693 1761 774 1799 Domini

103 1842 160 1880 1470.

124 1900 218 1950 Magister
230 1903 288 1939 irater
297 1900 453 1950 christophorus
465 1901 587 1939 Lombardus
605 1905 716 1939 conventus
734 1899 775 1938 Bri-

97 1969 173 2009 aiensis
179 1971 288 2021 theologus
295 1970 396 2019 magister,
403 1970 423 2007 in
432 1969 485 2008 curia
494 1970 584 2008 Romana
593 1973 708 2019 procurator
714 1980 775 2018 gene-

98 2041 142 2079 ralis
154 2038 241 2079 existens
254 2040 288 2079 ubl
304 2041 396 2089 praelatus
412 2039 480 2077 Soretlr
499 2043 584 2078 mortem
595 2038 675 2084 subivit,
687 2038 735 2077 Sixti
750 2039 774 2076 lV

120 2189 141 2231 (r)
152 2187 238 2232 Angliam
246 2186 325 2223 visitavit
337 2198 386 2223 anno
397 2198 447 2232 ¹442·
459 2187 486 2222 Ci.
496 2187 604 2230 Bullatium,
616 2188 630 2221 Ι.
639 2187 679 2232 619.

118 2247 147 2290 (a)
156 2246 212 2281 Caen.
