1631 2703
224 110 328 138 CAPITULUM
342 109 413 139 mouns
424 110 504 139 cantanti
661 111 698 150 213

29 184 93 221 tulum
105 184 179 233 dequo
190 184 254 233 agitur
264 190 283 223 et
292 184 439 223 carmelitarum
451 184 643 232 transmigrationem
654 190 699 234 post

30 253 159 291 banccladem
172 254 236 291 locum
247 253 346 300 habuisse,
357 253 394 292 nisi
403 253 480 291 aliunde
487 254 552 291 forsan
563 254 648 291 obstaret
657 254 697 303 jam

29 333 80 359 anno
96 333 142 371 1235
156 327 274 360 conventum
284 324 307 360 ab
320 323 347 360 eis
355 322 469 360 Valencenis
482 326 568 375 ereetum
588 321 668 372 fuisse(
681 322 697 373 ),

55 390 114 435 Quod
129 395 194 428 autem
210 391 361 440 Palaeonydorus
373 390 426 428 addit
436 390 459 427 de
471 389 594 427 ordinatione
611 390 630 427 in
648 391 699 439 capi-

28 459 70 496 tulo
89 460 143 503 facta,
163 470 235 497 novam
254 464 272 496 et
287 460 337 496 banc
351 470 391 496 non
410 458 507 496 modicam
519 458 584 507 gignit
596 458 698 496 difficulta-

28 532 76 565 tem.
90 528 194 565 Asserente
207 528 262 564 Buteo
271 526 301 577 (2)
314 532 355 564 acta
367 527 418 564 itlius
430 526 516 575 capituli,
530 548 555 553 -—
569 527 623 575 quod
633 527 698 564 statim

29 600 74 644 post
86 601 169 632 monem
184 595 249 645 Cyritii
261 600 402 644 congregatum
413 594 458 632 dicit
469 595 628 644 Palaeonydorus,
645 606 697 632 anno

29 675 74 702 vero
92 674 140 712 1237
158 665 189 701 vel
210 666 259 713 1238
276 663 386 701 Gulielmus
404 664 427 700 de
444 663 535 707 Sanvico,
548 683 575 691 -
590 663 699 700 Mechliniae

29 733 179 770 asservabantur
198 733 217 769 in
236 732 331 780 quodam,
353 731 413 769 modo
427 731 528 779 deperdito
548 731 621 773 codice,
638 742 698 779 quem

29 802 95 839 nullus
105 812 201 849 umquam
214 812 224 836 e
236 800 308 838 nostris
320 800 413 848 inspexit.
429 799 503 837 Unicus
518 800 578 848 hujus
593 799 619 836 rei
640 800 696 837 testis

29 874 48 906 et
63 869 142 917 quidem
161 869 211 905 haud
230 869 329 906 sufficiens
347 874 377 905 est
393 868 551 917 Palaeonydorus,
573 868 603 905 cui
621 867 699 906 Bostius

26 938 66 986 jam
76 936 176 984 scripserat
189 948 200 973 <r
210 937 285 974 Vellem
298 948 329 973 me
338 936 411 974 vidisse
423 941 495 974 statuta
505 936 524 973 in
535 940 602 973 monte
614 934 698 973 Carmeli

28 1007 77 1042 tacta
86 1011 131 1042 ante
142 1005 284 1053 dispersionem
297 1011 316 1041 et
325 1010 430 1053 antequam
441 1004 547 1042 babuimus
556 1005 655 1052 scapulare
665 1015 698 1042 no-

28 1085 75 1111 vum
89 1085 108 1117 a,
125 1084 165 1120 quo
180 1078 209 1110 sat
223 1073 321 1110 evidenter·
339 1077 415 1110 constat
427 1084 461 1110 nec
474 1073 539 1121 ipsum
552 1072 641 1110 Bostium
654 1083 699 1110 um-

29 1153 88 1190 quam
100 1143 136 1179 bac
148 1142 172 1179 de
184 1153 203 1179 re
216 1141 323 1190 quidquam
335 1137 433 1179 audivisse
444 1140 481 1192 (ᾗ).

54 1211 95 1247 Hoc
106 1210 130 1247 de
143 1214 230 1247 actorum
243 1221 278 1248 seu
290 1209 418 1247 ordinationis
426 1210 526 1248 authentia
534 1210 559 1248 sit
570 1210 651 1248 dictum.
662 1209 698 1248 Su-

28 1283 92 1327 perest
107 1284 129 1316 ut
146 1290 188 1315 eam
203 1277 292 1316 intimius
304 1277 438 1326 inspiciamus.
453 1290 465 1316 <r
476 1278 496 1317 in
509 1279 546 1317 boc
561 1279 646 1328 capitulo
658 1283 698 1316 erat

28 1346 140 1385 ordinatum
153 1351 251 1394 quatenus
260 1346 280 1384 in
294 1346 389 1385 omnibus
401 1344 532 1385 observantiis
548 1348 657 1386 uniformes
669 1347 699 1384 in-

28 1415 146 1459 veniremur,
160 1419 202 1453 tum
218 1414 238 1453 in
251 1415 315 1453 officio
327 1415 464 1463 ecclesiastico,
480 1421 523 1453 tum
538 1415 558 1453 in
573 1415 698 1453 vestimentis

28 1488 46 1521 et
60 1483 183 1532 hujusmodi.
199 1483 260 1532 Cujus
272 1483 399 1521 ordinationis
414 1477 443 1522 est
455 1484 546 1521 initium:
559 1484 658 1529 Qroniam
673 1495 697 1521 ex

28 1556 125 1601 praecepto
143 1556 254 1589 sanctorum
267 1556 345 1600 patrum
360 1552 455 1601 jubemur
467 1553 538 1590 habere
553 1563 586 1589 cor
597 1563 661 1590 unum
678 1559 697 1589 et
711 1583 718 1591 ,

28 1620 114 1658 animam
135 1631 194 1657 unam
207 1620 226 1657 in
245 1620 336 1664 Domino,
350 1625 369 1658 et
381 1621 425 1669 quia
435 1621 512 1669 J‘ustum
525 1626 555 1658 est
569 1626 591 1658 ut
603 1621 641 1658 sub
658 1632 697 1658 una

29 1689 95 1737 regula
106 1688 194 1725 viventes
207 1688 315 1725 uniformes
327 1689 347 1725 in
358 1689 471 1726 necessariis
481 1693 554 1726 nostrae
570 1689 615 1726 vitae
629 1689 697 1726 obser-

28 1756 98 1794 vantiis
112 1756 264 1793 inveniamur».
275 1757 375 1795 Manifesta
388 1762 417 1795 est
428 1757 478 1794 inea
493 1757 615 1795 ordinatione
627 1757 696 1794 allusio

27 1826 51 1863 ad
63 1826 150 1874 regulam
163 1824 182 1862 S.
196 1825 303 1874 Augustini
311 1837 354 1874 quae
367 1827 394 1864 sic
403 1827 473 1863 habet:
487 1827 599 1870 «Primum,
618 1831 697 1874 propter

48 2019 230 2062 <1)GregoriusaS.
244 2020 329 2059 Martino,
339 2021 434 2066 Apologia,
446 2020 508 2060 Duaci,
519 2020 569 2054 1685.
583 2021 603 2053 Ρ.
614 2020 653 2054 308.
665 2021 697 2054 Pa-

28 2077 142 2119 pebrochius,
149 2078 278 2121 [responsiones
285 2078 404 2121 (Autwerpiae,
418 2079 508 2122 idoli-97).
518 2079 557 2111 An,
567 2077 615 2111 xvi.
625 2079 644 2111 Ρ.
657 2078 695 2111 318.

29 2137 54 2168 De
69 2135 99 2168 itta
107 2135 157 2168 clude
170 2136 217 2168 inter
226 2137 332 2169 Ascalonem
342 2144 360 2169 et
372 2137 437 2169 Gazam
448 2148 457 2169 a
470 2136 578 2169 Christianis
587 2144 661 2179 accepta
671 2136 694 2169 cf.

29 2192 128 2225 uiarhaeum
140 2193 258 2226 Purisiensem
274 2194 322 2237 [edit.
333 2195 399 2235 Luard,
409 2194 487 2226 Londiui
499 2195 548 2237 1877]
559 2195 588 2235 tv,
601 2195 621 2226 zi
631 2202 649 2226 et
657 2203 695 2235 140.

50 2251 71 2291 (al
83 2251 121 2284 MS.
136 2251 203 2294 Bodley
214 2253 241 2293 73,
249 2252 281 2285 foi.
291 2253 324 2285 aofi
334 2253 351 2285 b.
363 2265 370 2282 a
381 2253 427 2285 Sunt
440 2252 544 2284 Mechliniae
557 2264 571 2283 n.

51 2309 71 2349 lb]
87 2309 126 2342 MS.
137 2309 202 2342 Seldeu
212 2321 231 2351 41
243 2321 296 2352 supra
313 2309 337 2352 tin
350 2310 459 2343 bibliotheca
470 2310 568 2342 Bodleianu
580 2310 662 2352 Oxouiae)
677 2310 695 2342 in

29 2364 71 2408 fine,
81 2365 111 2399 tot.
124 2378 152 2399 111
165 2367 182 2398 b,
