1631 2703
249 112 317 141 arven.
331 114 349 139 a.
361 113 379 140 o.
392 112 447 152 1357.
653 113 687 151 175

24 185 78 233 quod
89 185 140 234 prior
151 187 247 235 generalis
258 192 277 223 et
294 187 368 235 prlores
388 186 515 236 provinciales
527 186 609 223 habeant
621 199 690 224 vocem

24 253 43 290 in
53 254 147 292 electione
159 255 288 293 diffinitorum
300 256 378 304 capituli
391 255 493 304 generalis,
515 255 549 293 sel
566 266 606 292 non
619 255 638 292 in
651 257 690 293 ele-

25 322 89 359 ctione
106 323 205 362 sociorum
217 324 305 372 ejusdem
318 324 396 372 capituli
407 323 509 372 generalis,
523 323 567 361 licet
578 324 597 361 in
607 324 690 372 antiqua

26 391 164 429 constitutione
176 393 199 430 de
207 393 243 430 hoc
251 393 324 430 mentio
336 403 426 440 expressa
436 403 475 429 non
486 392 586 429 habeatur.

53 460 98 497 Item
115 461 134 497 in
150 461 233 499 Rubrica
245 462 269 498 tle
281 461 365 509 capitulo
376 460 488 509 provinciali
499 460 581 504 dicatur,
595 461 649 508 quod
668 461 694 497 vi-

26 527 88 566 carius
100 528 202 567 institutus
214 541 247 578 per
256 529 340 578 priorem
353 529 496 577 provincialem,
505 540 539 577 pro
552 529 627 566 delectu
640 529 691 567 vica-

27 596 49 633 rii
65 597 119 635 electi
132 608 166 645 per
177 597 305 646 provinciam,
323 597 342 634 in
359 608 403 635 casu
418 608 458 645 quo
470 596 553 634 vicarius
565 597 634 645 prioris
649 608 694 646 pro-

26 665 113 703 vincialis
125 666 169 703 ituri
181 666 205 703 ad
216 667 322 714 capitulum
334 666 424 714 generale
436 670 502 703 utatur
513 665 579 703 officio
592 665 695 704 vicariatus

27 733 75 770 infra
87 734 214 782 provinciam,
227 735 247 772 in
259 745 306 772 casu
318 745 357 782 quo
375 734 459 772 vicarius
479 735 551 771 electus
569 745 603 783 per
615 735 695 783 provin-

26 802 75 838 ciam
90 814 125 850 pro
137 802 224 840 absentia
234 803 324 851 praedicta
336 808 387 840 esset
397 808 494 845 mortuus,
508 802 599 840 infirmus
611 814 646 841 seu
663 815 694 841 as-

27 875 162 918 sumptusaut
174 870 279 919 requisitus
297 881 331 920 per
342 871 427 919 priorem
444 870 468 908 ad
486 876 612 915 conventum,
632 872 692 909 nollet

28 950 63 986 pro
75 951 121 977 casu
131 940 239 977 necessario
251 941 277 977 ire
291 940 316 976 ad
333 940 407 977 dictum
423 945 543 977 conventum
555 946 588 977 aut
598 940 625 977 uti
646 953 692 989 prze-

28 1007 79 1044 dicto
88 1007 152 1045 officio
163 1007 272 1050 vicariatus,
286 1012 305 1044 et
316 1008 370 1055 quod
382 1007 446 1045 dictus
457 1007 540 1045 vicarius
549 1008 652 1046 institutus
662 1020 696 1058 per

29 1076 165 1124 provincialem
178 1077 239 1125 possit
251 1076 369 1114 substituere
386 1077 435 1124 (Fol.
455 1074 502 1126 56b)
521 1076 581 1114 alium
600 1077 692 1116 vicarium

28 1145 48 1181 in
65 1156 109 1182 casu
122 1145 232 1183 necessario
241 1150 260 1182 et
272 1156 307 1192 pro
319 1156 376 1182 causa
393 1145 500 1182 necessaria
513 1150 532 1182 et
546 1145 565 1181 in
580 1156 626 1182 casu
641 1147 694 1194 quod

29 1213 70 1261 ipse
81 1218 133 1250 esset
151 1213 264 1262 impeditus.
286 1214 306 1250 ln
318 1224 364 1250 casu
375 1224 428 1257 veto,
442 1213 497 1261 quod
506 1218 587 1261 uterque
606 1214 695 1258 vicanus,

29 1281 101 1319 scilicet
109 1282 182 1319 electus
192 1293 225 1329 per
234 1281 354 1330 provinciam
362 1286 380 1319 et
391 1281 493 1319 institutus
505 1292 539 1330 per
549 1281 694 1329 provincialem,

29 1361 63 1398 per
75 1355 158 1388 mortem
170 1350 266 1394 deficeret,
279 1351 332 1398 prior
343 1350 374 1387 ille
384 1351 414 1387 vel
432 1350 539 1398 praesiclens
551 1351 571 1387 in
586 1356 693 1399 conventu,

29 1419 98 1466 inquo
110 1419 218 1466 capitulum
230 1419 347 1467 provinciale
363 1418 476 1456 immediate
493 1419 618 1467 subsequens
638 1421 697 1458 luerit

29 1486 158 1534 assignatum,
171 1487 196 1524 sit
205 1486 288 1524 vicarius
300 1486 404 1535 provinciae
416 1492 434 1524 et
446 1487 508 1535 ipsam
521 1492 574 1535 regat
586 1498 649 1536 usque
660 1489 693 1526 ad-

29 1560 110 1593 ventum
120 1555 189 1604 prioris
199 1556 327 1603 provincialis.
341 1554 371 1603 (r)

55 1624 101 1661 ltem
113 1624 132 1661 in
144 1624 226 1661 Rubricu
238 1624 313 1668 eadem,
327 1625 359 1660 ubi
371 1624 446 1668 dicitur,
462 1623 491 1675 (2)
500 1625 554 1673 quod
566 1625 613 1663 socii
626 1626 695 1674 prioris

30 1692 154 1740 provincialis
165 1693 189 1729 tle
200 1693 284 1741 capitulo
303 1693 388 1741 generali
408 1694 512 1731 redeuntes
534 1693 574 1730 sint
585 1695 608 1730 de
619 1696 695 1742 gremio

30 1761 108 1809 capituli
118 1761 238 1810 provincialis
247 1762 336 1810 proximo
348 1762 457 1799 celebrandi
467 1761 485 1798 in
500 1773 536 1799 sua
548 1762 653 1810 provincia,
664 1763 696 1800 de-

30 1831 117 1877 claratur,
131 1830 184 1878 quod
193 1829 307 1878 intelligitur
319 1830 342 1868 de
357 1829 441 1878 capitulo
454 1830 572 1879 provinciali,
585 1832 639 1880 quod
648 1833 697 1869 cele-

30 1898 116 1936 brabitur
127 1903 179 1936 extra
191 1899 257 1936 locum
268 1904 286 1935 et
295 1903 375 1946 tempus
384 1899 428 1936 dicti
437 1898 515 1947 capituli
524 1900 619 1948 generalis
627 1900 697 1938 imme-

30 1967 80 2005 diate
91 1972 136 2016 post
148 1968 222 2006 dictum
232 1967 337 2016 capitulum
347 1968 443 2016 generale,
464 1972 483 2006 ct
494 1968 596 2016 quodiam
614 1968 696 2007 vicarius

54 2145 83 2186 (t)
93 2146 133 2178 Hoc
142 2144 323 2188 simpliciusexprirni
330 2145 392 2177 debuit
400 2146 429 2176 :ln
436 2154 478 2176 casu
485 2144 697 2186 quovlcariussubstitu-

31 2210 59 2235 tus
65 2213 97 2245 per
106 2203 234 2246 provincialem
244 2203 284 2237 loco
292 2202 354 2236 vicarii
361 2203 447 2235 canonice
457 2201 508 2235 electi
515 2202 546 2234 sed
553 2201 696 2245 impeditiorem

31 2268 76 2294 esset
84 2260 180 2305 impeditus
191 2271 214 2294 ne
230 2261 308 2305 aliquem
322 2268 432 2295 conventum
447 2258 512 2300 visitet,
521 2259 543 2292 ad
559 2259 697 2303 requisitionem

31 2319 95 2362 prioris
104 2320 165 2353 localis
172 2319 238 2363 poterit
249 2320 365 2362 subdelegare
374 2318 453 2362 aliquem
463 2317 525 2351 aliurn.

52 2377 81 2418 (a)
91 2378 146 2425 uuus.
157 2377 220 2410 xxiv.
231 2387 249 2409 n.
261 2388 277 2420 7.
