1631 2703
112 121 141 157 ‘82
375 128 535 158 cousrrrurroues

115 215 178 250 orem,
191 205 220 242 vel
233 204 364 254 subpriorem,
378 204 408 242 vel
422 203 524 249 vicarium,
541 203 557 242 si
570 203 662 253 subprior
672 191 712 242 non
725 204 790 253 suerit,

116 273 140 310 ad
149 274 216 312 minus
224 274 285 312 semel
295 274 314 311 in
325 260 448 311 bebdomada
457 277 552 318 teneatur,
563 273 596 311 ubi
606 284 698 311 excessus
708 274 790 312 fratrum

116 347 135 380 et
143 344 206 392 culpae
217 354 263 381 cum
273 342 374 392 diligentia
383 343 513 391 corrigantur.
529 342 643 391 Capitulum
653 353 731 392 semper
741 343 792 393 jeiu-

116 423 142 449 no
152 412 255 450 stomacho
265 413 372 450 celebretur
382 412 418 449 nisi
428 422 485 450 casus
497 411 568 460 aliquis
577 416 666 460 emergat
674 412 694 449 in
703 423 743 460 quo
757 413 792 450 dil-

115 480 159 518 ierri
171 492 211 518 non
223 482 301 519 valeret.
312 492 331 518 2.
342 481 421 519 Pulsato
431 480 490 529 signo
500 480 620 519 conveniant
629 492 700 519 omnes
710 481 733 519 ad
742 482 792 530 capi-

116 551 181 588 tulum
192 550 234 587 sine
244 561 306 595 mora,
317 549 389 598 quibus
401 550 531 599 congregatis,
541 550 574 599 qui
587 555 657 599 praeest
670 550 755 599 capitulo
764 551 792 588 di·
806 549 808 551 ’

116 624 146 657 cat
155 625 201 668 post
209 619 313 658 lectionem
321 619 403 669 alicujus
410 619 488 669 capituli
496 619 669 658 Constitutionum
678 632 682 659 z
695 620 793 658 Berreriicr'-

113 691 139 733 te,
150 694 168 727 et
177 691 245 727 tratres
255 689 389 739 respondeant
397 689 497 727 Dorulaus.
509 688 583 727 Deinde
595 689 671 736 novitii,
682 690 698 727 si
712 688 790 737 luerint,

116 763 242 808 prosternant
254 770 275 796 se
287 763 307 796 et
316 758 456 807 dicantculpas
466 770 519 804 suas,
530 757 646 807 incipientes
659 758 683 796 ab
695 758 793 807 antiquio-

117 828 172 866 ribus
189 832 207 866 et
219 833 287 877 postea
299 827 341 865 laici
353 828 469 866 absentibus
482 827 561 866 novitiis
577 827 641 866 dicant
653 829 722 877 culpas
737 840 790 866 suas.

116 896 190 935 Deinde
202 896 264 935 clerici
278 907 326 934 voce
337 908 360 934 ac
372 897 415 935 loco
430 896 507 946 privati,
524 897 597 945 quibus
611 896 706 936 omnibus
718 909 793 936 exeun-

111 966 176 1010 tibus,
188 977 259 1004 omnes
267 967 337 1004 fratres
346 977 368 1004 se
377 971 533 1015 prosternentes,
541 970 609 1015 petant
617 966 695 1004 veniam
706 966 730 1005 de
739 978 792 1005 com-

117 1035 191 1074 missis.
204 1034 279 1073 Deinde
290 1035 406 1073 sedentibus
417 1035 460 1073 aliis
472 1035 586 1085 incipientes
598 1048 608 1073 a
620 1035 734 1075 senioribus
748 1047 793 1075 suc-

117 1107 192 1145 cessive
201 1106 265 1145 dicant
276 1107 344 1155 culpas
354 1117 407 1151 suas,
418 1110 437 1144 et
448 1106 506 1155 cujus
515 1106 572 1155 culpa
582 1105 642 1155 digna
650 1110 681 1144 est
690 1106 792 1156 disciplina

117 1180 213 1225 praeparet
225 1186 246 1213 se
257 1175 281 1213 ad
293 1175 424 1224 disciplinam,
439 1179 458 1212 et
470 1175 556 1213 nudatus
570 1175 652 1213 flectens
665 1187 730 1224 genua
742 1176 793 1214 dicat

118 1246 218 1295 psalmum
228 1256 287 1293 quem
296 1244 333 1283 sibi
343 1243 452 1294 praesidens
461 1243 574 1294 injunxerit,
583 1249 601 1283 et
610 1244 757 1283 confessionem
767 1247 793 1283 la-

117 1315 154 1353 ciat
162 1315 280 1364 generalem,
290 1305 413 1366 disciplinam
425 1313 483 1351 abeo
493 1314 526 1362 qui
536 1319 609 1362 praeest
618 1315 648 1351 vel
660 1314 717 1351 abeo
727 1315 757 1352 cui
767 1315 794 1352 in-

114 1383 204 1431 junxerit
216 1382 336 1432 recipiendo.
352 1394 372 1432 3.
386 1381 462 1420 Priores
474 1387 540 1420 autem
553 1382 573 1420 in
587 1381 677 1431 capitulis
687 1383 793 1432 praesiden-

116 1458 153 1497 teS,
166 1452 211 1490 licet
223 1464 257 1501 per
269 1463 289 1489 se
304 1439 430 1500 poenitentias
442 1451 523 1499 scriptas
539 1451 599 1489 libere
611 1451 689 1500 possint
700 1452 791 1502 iniunge-

117 1532 144 1565 re,
156 1525 223 1559 tamen
236 1525 316 1569 propter
328 1532 395 1569 pacem
408 1531 465 1558 suam
481 1524 500 1557 et
516 1521 606 1565 fratrum,
617 1532 663 1557 cum
676 1532 734 1569 poena
747 1532 791 1569 gra-

116 1590 177 1629 vioris
184 1591 248 1639 culpae
257 1589 313 1628 alicui
322 1588 515 1639 fueritinjungenda,
523 1589 542 1626 in
552 1588 639 1627 absentia
649 1590 712 1628 fratris
719 1590 743 1628 de
751 1602 791 1640 quo

117 1659 182 1708 agitur
193 1660 271 1707 culpam
284 1660 326 1708 ejus
341 1663 360 1695 et
373 1669 452 1707 poenam
468 1658 531 1707 culpae
543 1658 695 1707 respondentem
709 1671 793 1697 conven-

117 1728 146 1767 tui
159 1729 263 1777 declarent.
276 1728 350 1766 Deinde
362 1728 420 1765 nane
431 1732 502 1765 vocato
517 1738 598 1776 poenam
606 1726 660 1778 (ror.
677 1738 701 1776 27
720 1727 746 1778 a)
758 1740 792 1778 per

114 1798 284 1836 -Constitutionem
293 1803 378 1835 taxatam
389 1797 426 1835 sibi
438 1798 529 1846 iniungat
539 1797 581 1834 sine
591 1797 745 1835 contradictione
758 1811 792 1836 cu-

115 1868 243 1917 juscumque.

114 1959 116 1963 ·
145 1937 384 1985 4.Qricu1nqueaute1n
403 1937 462 1974 alium
477 1947 568 1974 accusare
580 1935 664 1974 voluerit
678 1948 746 1985 parem
761 1938 791 1975 vel

117 2007 247 2055 superiorem,
261 2006 351 2044 audiatur
362 2017 396 2055 per
405 2005 543 2054 praesidentem
554 2006 597 2043 loco
606 2010 625 2043 et
634 2011 730 2055 tempore,
741 2007 789 2045 dum

117 2081 182 2114 tamen
193 2060 214 2114 se
225 2076 300 2125 obliget
307 2076 331 2114 ad
342 2087 422 2125 poenam
432 2074 512 2113 talionis
522 2075 538 2113 si
550 2074 642 2113 defecerit
650 2075 670 2113 in
680 2076 789 2125 probando,

116 2146 169 2184 etde
181 2146 208 2184 eis
217 2147 251 2184 frat
260 2145 343 2195 justitiae
355 2146 533 2194 complementum.
546 2156 564 2194 5.
577 2144 648 2183 Nullus
660 2150 726 2183 tamen
739 2147 792 2195 prior

115 2216 182 2253 localis
194 2215 213 2253 in
224 2220 324 2253 conventu
334 2216 448 2253 absolvatur
460 2214 476 2253 si
489 2214 596 2263 capitulum
612 2214 731 2262 provinciale
742 2217 792 2253 cele·

115 2285 213 2323 brandum
226 2284 283 2340 luerit
295 2285 343 2322 infra
357 2295 453 2322 mensem.
466 2284 608 2322 decusationes
620 2288 686 2322 autem
696 2296 791 2333 quorum-

115 2366 202 2403 cumque
214 2356 295 2392 fratrum
312 2359 330 2392 et
344 2354 432 2403 priorum
445 2360 464 2392 et
477 2364 652 2402 quorumcumque
666 2355 790 2403 superiorum

110 2424 198 2463 'aliorum
208 2424 228 2463 in
240 2435 309 2463 eorum
321 2424 369 2462 siant
379 2424 489 2474 praesentia,
502 2422 641 2473 Inquisitiones
652 2434 699 2463 vero
715 2424 738 2463 de
750 2426 791 2463 cul-
