1631 2703
86 123 124 150 202
272 124 295 150 DE
307 123 453 156 avriQuioniflus
476 123 568 152 carituris

85 198 165 235 Michael
173 197 191 234 in
207 197 271 236 officio
283 197 371 247 quinque
382 198 439 236 annis
451 211 495 237 eum
504 199 584 236 dimidio
596 203 614 236 et
624 197 712 236 indeiuit
720 198 753 235 de-

85 266 170 315 positus.
184 267 203 305 ln
216 279 256 316 quo
272 267 352 316 quidem
367 268 452 317 capitulo
465 268 500 306 luit
510 268 622 306 ordinatum
637 265 659 305 ut
670 267 752 315 singuiis

85 335 155 374 diebus
164 335 236 384 quibus
248 335 270 373 iit
282 336 376 374 memoria
384 337 408 374 de
417 336 497 385 Virgine
507 336 599 385 gloriosa.
610 336 630 373 in
638 335 725 384 vesperis
734 341 753 373 et

85 405 186 443 matutinis
196 410 242 454 post
256 405 371 443 memoriam
384 406 498 454 angelorum
511 405 545 443 hat
558 405 653 442 memoria
664 405 688 443 de
697 405 752 442 beata

85 474 142 512 Anna
155 479 215 512 matre
222 474 255 512 Dei
265 474 363 524 genitricis
374 474 445 519 iviariae,
459 479 477 512 et
484 472 558 512 dicatur
566 474 671 523 antiphona
678 474 702 511 ad
712 486 753 512 ma-

85 543 171 581 tutinum
181 545 238 581 Airita
248 546 340 589 narbona,
351 544 375 581 ad
386 555 477 592 vesperas
489 544 596 592 antiphona
606 544 663 581 Auria
675 548 750 591 parens,

86 613 116 651 vel
128 613 202 650 dicatur
216 613 322 661 antiphona
332 613 391 650 unius
408 617 509 651 matronae.
520 613 593 651 Versus
605 612 644 650 Ora
653 616 689 659 pro
701 613 753 650 nobis
812 652 815 654 ,

86 682 139 719 heau
156 683 216 719 mater
228 682 332 730 Arvinam.
345 681 435 731 Uidignr'
445 686 482 719 etc.
507 680 574 718 Oratio
594 682 645 718 Deus
659 681 692 730 qni
711 681 753 718 irea-

87 752 125 787 tam
137 756 173 788 etc.
183 751 229 788 item
239 750 259 787 in
269 750 338 788 eodem
351 750 435 798 capitulo
445 750 479 788 luit
488 750 598 787 ordinatum
609 761 644 798 pro
652 750 754 788 canonisa-

86 820 140 856 tione
149 819 200 856 beati
209 819 283 857 hiberti
295 818 318 855 de
327 818 395 856 Sicilia.

112 888 158 925 item
168 888 228 925 Anno
242 886 319 924 Domini
335 897 382 937 1393
393 886 429 925 fuit
444 886 562 924 celebratum
575 886 681 935 capitulum
693 898 754 935 gene-

86 957 124 993 rale
133 957 153 993 in
162 960 261 993 conventu
273 955 402 994 Franlriordiae
417 955 522 1004 provinciae
537 955 644 993 Alemaniae
658 955 753 994 interioris

87 1024 106 1062 in
121 1025 171 1064 testo
183 1025 315 1063 Pentecostes.

109 1139 169 1172 Alium
180 1139 281 1181 catalogum
294 1138 397 1182 compilarit

215 1225 308 1254 naorsrert
320 1225 392 1254 farrea
401 1215 500 1262 lohannes
513 1215 580 1254 Trissa
591 1214 622 1266 (r)

109 1293 145 1334 Qui
155 1293 240 1326 Nemausi
250 1293 268 1325 iri
278 1292 369 1336 provincia
380 1293 471 1325 Narbanae
486 1292 578 1331 oriundus,
589 1292 662 1325 intravit
671 1292 753 1324 ordinem

88 1352 108 1383 25
119 1351 179 1384 martii
192 1351 239 1390 1338,
249 1351 316 1393 incepit
327 1350 402 1383 Bibliam
414 1350 487 1383 Parisiis
499 1351 690 1395 110210hris1357,a
704 1350 758 1394 capi-v

87 1409 126 1442 tulo
142 1409 267 1452 burdigalensi
284 1410 309 1450 [A.
326 1410 347 1441 D.
358 1408 407 1449 1353)
424 1408 551 1451 adlegendum
563 1408 665 1441 Sententias
679 1408 752 1441 Parisiis
789 1453 791 1455 ‚

87 1478 119 1510 pro
129 1475 193 1510 quarto
203 1477 250 1499 anno
260 1468 362 1509 deputatur,
370 1477 415 1508 queis
425 1476 486 1499 revera
497 1477 544 1499 anno
557 1467 597 1499 lior
610 1467 680 1509 publice
688 1466 754 1499 ibidem

88 1525 135 1568 legit.
145 1527 164 1557 ln
174 1525 252 1567 capitulo
262 1524 365 1558 Trevirensi
374 1524 404 1566 (Α,
414 1525 434 1556 D.
446 1525 498 1566 136²)
505 1532 611 1572 procurator
619 1525 688 1557 ordinis
695 1524 713 1556 in
721 1536 753 1557 cu-

87 1583 112 1615 ria
119 1593 191 1615 romana
197 1582 315 1616 constitutum
324 1596 331 1613 a
342 1577 401 1615 statim
408 1590 469 1625 postea
481 1593 503 1614 ne
514 1583 608 1625 episcopus
615 1582 666 1615 lieret
678 1582 754 1616 nimium

88 1641 184 1673 immatura
193 1640 329 1683 etinerpectata
340 1651 388 1673 mors
402 1640 501 1683 impedivit.
519 1653 525 1671 a
541 1640 590 1673 Obiit
603 1638 710 1673 Nemausi5
726 1641 754 1673 die

86 1698 129 1732 iulii
139 1699 188 1731 1363.
202 1699 360 1731 Praeterlectumm
370 1709 423 1741 super
434 1698 536 1731 Sententias
548 1698 566 1731 in
581 1706 658 1742 quatuor
673 1698 723 1732 libris
736 1707 754 1732 et

88 1757 140 1789 aii-arn
150 1756 168 1788 in
176 1767 212 1788 uno
220 1757 267 1788 libro
277 1766 331 1798 super
344 1755 420 1788 Bibliam
430 1756 502 1799 reliquit
512 1767 515 1789 :

110 1982 131 2018 lli
144 1982 168 2013 De
181 1980 220 2022 ipso
235 1982 310 2013 onrnino
320 1990 367 2013 tacet
386 1982 568 2023 iohannes-Baptista
580 1983 602 2014 de
619 1984 695 2014 Lezma.
710 1984 755 2024 Quae

89 2038 118 2070 hi:
130 2039 219 2071 habentur
233 2038 312 2081 excerpsi
325 2038 389 2082 panim
401 2050 410 2071 e
426 2039 473 2071 libro
485 2039 554 2071 ordinis
571 2040 633 2071 Romae
643 2040 660 2072 in
674 2040 754 2072 archivio

88 2096 168 2139 generali
175 2096 312 2129 Carmelitarum
319 2097 398 2139 antiquae
408 2096 533 2135 observantiae,
541 2097 604 2139 partiar
612 2108 621 2129 e
629 2098 680 2130 MSS.
687 2097 756 2130 lohan-

89 2153 117 2186 nis
128 2154 183 2192 Balei,
193 2154 260 2197 Harley
268 2155 312 2187 3838
323 2155 360 2187 Foi.
377 2155 424 2187 18321.
438 2161 454 2186 et
465 2154 531 2197 Hariey
543 2156 584 2196 ¹3¹9
595 2155 618 2187 iol
631 2155 668 2188 53³.

109 2211 200 2245 Cierium
211 2213 267 2245 Breve
283 2209 403 2254 aarosiolisum
416 2212 452 2243 dat.
469 2212 561 2245 Avenione
574 2224 583 2254 7
597 2213 639 2245 oea.
657 2214 707 2251 1362,
718 2225 754 2256 quo

89 2270 173 2303 Urbanus
184 2270 204 2302 V.
215 2270 322 2303 cancellario
335 2269 428 2313 parisiensi
443 2269 635 2303 notificatiohannem
645 2271 722 2304 Trissarn
732 2273 754 2304 ad

88 2327 211 2370 nragisterium
226 2329 369 2371 promovendum
379 2338 423 2360 esse.
434 2327 501 2360 Archiv
518 2327 533 2362 l.
545 2327 658 2361 Literatur-dr
668 2329 755 2362 Kirchen·

88 2385 210 2429 geschichte...
222 2386 309 2429 Freiburg
322 2386 370 2429 1889.
381 2394 394 2419 t.
404 2386 426 2419 V.
440 2386 460 2418 P.
479 2385 518 2419 385.
