1631 2703
95 116 122 157 60
350 128 510 159 cousrrrurroues

95 205 221 243 ratibusnon
233 204 311 254 possint
322 205 346 243 ad
366 204 519 255 provincialatus
533 206 563 243 vel
573 205 670 255 prioratus
681 205 769 243 officium

95 275 141 325 eligi
150 276 181 313 vel
190 275 273 320 assumi,
288 287 393 325 quousque
410 276 493 325 legerint
503 275 573 313 alicubi
594 280 682 325 pernes
698 286 768 313 annos.

97 345 195 383 Volumus
206 351 272 382 autem
283 344 363 394 intelligi
371 346 409 383 hoc
419 345 455 382 nisi
464 344 543 383 ali-unde
552 350 667 394 competens
680 349 771 395 appareat

47 450 49 453 ,
96 414 209 452 necessitas.
223 424 256 462 40.
270 414 316 451 ltem
329 413 435 453 statuimus
445 414 499 463 quod
511 414 618 453 lectoribus
630 415 654 452 ad
663 414 769 464 legendum

97 484 115 525 ir]
129 484 196 533 aliquo
205 488 305 522 conventu
314 484 415 533 assignato
428 495 519 533 expensae
529 495 564 533 pro
574 495 595 522 se
607 489 626 522 et
636 495 704 522 eorum
715 483 770 522 libris

97 554 219 592 deducendis
233 555 348 592 'secundum
370 555 498 603 quantitatem
517 555 553 593 vtae
568 567 578 592 a
595 554 771 593 conventibus‘ad

98 634 149 672 quos
161 623 253 661 destinati
262 624 335 662 luerint
344 624 488 673 persolvantur.
498 634 531 671 41,
540 624 611 663 Nullus
617 628 683 662 autem
696 634 771 673 praesu-

98 697 139 730 mat
148 692 218 730 alicubi
230 694 295 741 legere
307 693 391 742 publice,
404 694 433 731 vel
452 693 559 742 disputare,
578 704 613 731 seu
632 693 769 736 determinare,

99 762 136 800 nisi
146 762 255 800 licentiatus
267 774 300 812 per
312 762 397 811 priorem
408 763 519 812 generalem
527 764 556 801 uel
565 774 599 813 per
608 762 716 812 capitulum
726 773 772 812 pro-

99 832 188 871 vinciale.
201 832 248 870 item
265 832 380 870 ordinamus
392 832 446 881 quod
459 833 525 871 nullus
537 844 572 882 pro
590 834 662 870 lectore
678 832 772 870 habeatur

100 902 225 951 necpecunia
235 913 271 951 pro
283 902 355 940 lectore
366 907 430 940 taxata
439 902 526 941 tradatur
537 902 608 947 eidem,
623 902 660 941 nisi
673 913 707 951 per
721 901 773 951 prio-

100 982 140 1008 rem
151 973 262 1020 generalem
274 972 305 1009 vel
317 971 423 1020 capitulum
435 972 525 1020 generale
534 972 564 1008 vel
574 971 681 1020 capitulum
694 970 774 1020 provin-

100 1041 147 1081 ciale
158 1042 218 1078 lector
229 1040 288 1079 suerit
299 1041 408 1079 ordinatus.
419 1053 452 1089 42.
466 1042 487 1079 Et
495 1042 511 1079 si
523 1041 616 1079 lectiones
629 1046 647 1079 et
658 1041 707 1079 alios
718 1046 774 1079 actus

100 1110 214 1149 scolasticos
227 1121 266 1149 non
276 1110 421 1149 continuaverit
431 1112 500 1149 alesto
508 1110 604 1149 Omnium
613 1110 730 1149 Sanctorum
741 1121 774 1148 uss

100 1192 139 1229 que
148 1181 173 1219 ad
182 1181 317 1223 Pentecosten,
329 1179 366 1218 nisi
378 1192 412 1229 per
423 1180 509 1230 priorem
526 1181 639 1230 generalem
651 1181 681 1219 vel
693 1180 774 1230 provin-

100 1251 175 1295 cialem,
196 1250 227 1287 vel
246 1250 304 1288 aliam
316 1250 461 1295 necessitatem,
474 1250 505 1288 vel
525 1251 622 1288 honorem
641 1249 746 1299 provinciae
764 1262 775 1288 a

100 1319 191 1369 praedicta
201 1319 350 1357 continuatione
362 1319 420 1357 fuerit
429 1319 543 1368 impeditus,
554 1319 577 1357 de
587 1319 668 1368 pecunia
684 1318 775 1368 praedicta

101 1389 149 1428 nihil
162 1389 246 1438 recipiat.
258 1400 290 1439 43.
308 1390 354 1426 ltem
367 1390 461 1427 volumus
473 1389 528 1437 quod
540 1388 560 1426 in
572 1388 660 1437 qualibet
676 1388 775 1438 provincia

101 1459 194 1497 iratribus
209 1458 284 1508 capacis
294 1458 368 1507 ingenii
381 1458 414 1507 qui
426 1458 446 1496 in
455 1458 590 1508 grammatica,
607 1458 676 1507 logica,
690 1458 776 1507 philoso-

102 1529 147 1578 phia
165 1533 184 1566 et
201 1528 302 1577 theologia
323 1528 347 1565 acl
365 1529 474 1577 profectum
493 1528 566 1565 ordinis
585 1532 678 1577 poterunt
689 1527 773 1583 crudiri,

102 1598 155 1647 prior
164 1597 288 1647 provincialis
300 1609 346 1635 cum
360 1608 444 1636 assensu
457 1597 587 1635 diffinitorum
598 1597 676 1645 capituli
695 1596 775 1646 provin-

102 1667 162 1711 cialis,
176 1668 241 1705 locum
261 1668 291 1705 uel
304 1668 345 1705 loca
358 1667 442 1712 ordinet,
456 1672 474 1705 et
486 1667 509 1705 de
521 1666 649 1705 inlorrnatore
658 1667 688 1705 vel
705 1667 776 1704 lectore

103 1737 211 1787 provideat,
222 1738 260 1775 sub
272 1748 330 1786 poena
342 1736 437 1786 gravioris
446 1738 508 1786 culpae
520 1748 554 1786 per
566 1748 600 1775 sex
609 1736 657 1774 dies.
670 1747 703 1785 44,
714 1737 736 1774 Et
745 1747 776 1774 or-

104 1807 195 1845 dinamus
208 1807 263 1855 quod
277 1797 373 1855 praedictis
383 1807 467 1851 lectori,
486 1806 609 1844 infor-marari
628 1818 662 1845 seu
680 1807 776 1856 magistro

104 1883 137 1926 per
149 1877 234 1926 priorem
243 1876 383 1925 provincialem
398 1881 417 1914 et
426 1875 544 1914 diffinitores
556 1875 635 1924 capituli
653 1875 777 1925 provincialis

104 1947 167 1995 aliqua
178 1946 246 1995 pensio
257 1949 334 1983 taxetur
344 1945 479 1983 decommum
491 1945 598 1994 provinciae
607 1957 643 1983 seu
654 1945 678 1983 de
690 1956 776 1984 conven-
794 1942 796 1946 '

103 2016 157 2054 tibus
167 2015 200 2053 ubi
209 2019 273 2062 erunt,
283 2026 318 2064 pro
336 2025 373 2053 suo
382 2015 481 2060 vestiario,
492 2026 552 2063 quam
563 2015 645 2053 minime
654 2015 738 2053 habeant
748 2026 777 2053 ref

104 2086 169 2135 cipere
178 2086 265 2134 legentes
275 2084 421 2134 philosophiam
441 2089 461 2122 et
472 2084 567 2134 logicalia,
586 2084 623 2123 nisi
635 2084 777 2133 disputaverint

105 2156 165 2194 semel
180 2155 199 2193 in
212 2155 298 2203 qualibet
310 2155 426 2203 septimana,
448 2154 544 2203 quamdiu
561 2154 770 2199 durabit-studium‚s

105 2236 139 2274 per
151 2232 222 2262 'eorum
240 2224 380 2274 negligentiam
400 2223 450 2276 (Fol.
476 2224 518 2275 ipa)
538 2223 613 2262 steterit
627 2225 658 2263 vel
670 2224 778 2263 defectum

105 2304 138 2342 45.
149 2295 196 2332 ltem
208 2294 302 2332 volumus
315 2294 338 2332 de
350 2293 462 2343 legentibus
478 2298 571 2331 tractatus
582 2298 601 2331 et
618 2293 776 2342 grammaticalia,

106 2363 143 2401 nisi
153 2363 207 2401 omni
216 2363 248 2401 die
255 2364 329 2413 legibili
339 2363 465 2401 collationem
475 2364 553 2401 fecerint
560 2375 604 2401 cum
612 2363 654 2402 suis
663 2362 777 2406 scolaribus.
