1616 2703
273 120 356 148 1111011111
368 120 490 148 onnrnauun
680 109 718 161 *263

1 237 3 239 ,
45 196 68 235 l).
82 205 129 245 1523
141 194 174 244 qui
186 194 234 233 obiit
248 195 318 233 eodem
331 206 365 233 an·
395 195 419 234 lis
436 195 528 241 vicarius,
553 196 628 233 electus
650 196 720 234 estin

1 298 3 303 .
44 277 70 304 no
82 265 101 303 in
112 275 181 302 mense
192 264 245 315 Maji.
259 263 289 316 (r)
399 265 517 314 magistrum
540 264 621 303 Ordinis
638 277 720 315 genera·

41 336 81 373 lem
94 334 119 371 A.
133 332 157 371 D.
181 344 230 384 1524
243 333 329 372 Venetiis
342 333 361 372 in
380 334 466 383 capitulo
479 334 572 384 generali.
584 334 657 372 Eodem
669 339 721 373 tem-

43 415 89 454 pore
109 403 220 453 Stephanus
233 403 323 450 Jovensis
343 404 469 452 provincialis
488 404 586 443 Narbonae
607 409 719 444 conventus

41 473 162 511 Miniatensis
179 472 262 511 credens
283 485 305 511 se
326 473 421 512 vicarium
448 485 492 512 esse
514 485 548 523 per
564 474 717 512 constitutiones

42 542 122 582 retinuit
133 543 221 592 sigillum
232 554 277 580 curn
286 542 340 581 libris
351 543 432 581 Ordinis
444 548 463 582 et
481 543 597 582 convocavit
608 543 717 592 capitulum

41 625 52 651 a
64 611 161 662 lugduno
180 612 199 649 in
211 612 440 662 Montempessulanum.
453 613 476 651 Et
492 614 567 651 factum
580 618 610 650 est
630 613 718 651 schisma

41 682 61 720 in
70 681 145 720 Ordine
160 687 179 719 et
190 681 268 720 duravit
280 693 314 730 per
325 687 365 720 tres
377 693 441 721 annos
452 680 490 733 (2).
504 683 548 720 Fuit
557 682 580 721 lis
595 683 637 720 haec
649 694 717 720 coram

41 750 124 790 consilio
134 751 186 801 regis
198 750 282 789 Franciae
295 762 329 800 per
338 750 461 800 Stephanum
475 752 586 801 praefatum,
596 751 630 800 qui
642 756 661 789 et
673 751 718 789 tecit

42 821 115 859 librum
133 820 287 858 diffamatorium
302 820 322 858 in
342 822 459 859 reformatos
476 821 500 858 de
517 820 672 870 congregatione
684 821 718 859 Al-

40 890 103 928 biensi
112 890 182 934 dictos,
196 890 230 939 qui
240 895 314 939 partem
327 890 401 928 Nicolai
411 890 510 928 favebant.
524 890 627 928 Praevaluit
635 890 716 928 tandem

40 970 85 1009 pars
96 958 169 997 Nicolai
179 959 258 997 solertia
268 960 365 1007 Johannis
377 960 439 998 Rochi
448 960 536 998 doctoris
550 959 671 998 Parisiensis.

66 1028 178 1078 Stephanus
202 1028 293 1077 lorensis
320 1029 344 1066 de
369 1035 470 1067 conventu
498 1029 617 1073 Miniatensi,
646 1029 717 1067 doctor

40 1098 215 1147 Montispessulani
227 1102 246 1136 et
265 1098 390 1147 provincialis
401 1098 500 1136 Narbonae
518 1104 564 1148 post
581 1098 658 1137 obitum
671 1098 716 1136 Ber-

39 1167 116 1206 nardini
128 1167 220 1205 Senensis
230 1167 267 1206 suit
281 1167 379 1217 generalis
391 1167 474 1206 vicarius
486 1167 567 1206 Ordinis
580 1179 614 1217 per
630 1172 712 1214 statuta,

39 1238 114 1275 habens
127 1237 213 1286 sigillum
231 1242 250 1275 et
265 1237 333 1281 libros,
347 1249 358 1274 a
370 1237 468 1286 Lugduno
483 1237 502 1275 in
520 1238 610 1275 Montem
625 1237 715 1275 Pessula-

39 1319 87 1344 num
106 1308 198 1356 generale
215 1307 324 1355 capitulum
342 1307 464 1351 convocavit,
483 1307 507 1346 A.
518 1308 543 1346 D.
559 1318 609 1356 1524
625 1312 715 1356 tempore

34 1387 79 1427 ⁸quo
91 1376 183 1425 Nicotaus
195 1376 261 1415 Audet
270 1376 322 1414 idem
334 1376 380 1414 fecit
391 1376 486 1422 Venetiis,
496 1378 602 1416 frustratur
614 1376 679 1415 officio
689 1376 713 1415 A.

39 1444 176 1495 D-1527-(3)

66 1527 97 1564 32-
106 1516 200 1554 Nicotaus
212 1516 278 1554 Audet
290 1516 309 1554 in
320 1527 373 1554 sacra
386 1516 458 1566 pagina
468 1517 537 1554 doctor
546 1514 578 1567 (ut
588 1514 659 1566 fertur)
681 1516 716 1554 Pa-

38 1584 123 1629 duanus,
136 1597 214 1624 carmen
224 1584 284 1623 edidit
295 1585 315 1623 in
323 1585 401 1624 laudem
410 1585 469 1624 Scoti.
479 1585 516 1624 lste
522 1590 577 1635 pater
583 1590 628 1635 post
634 1585 713 1623 finitum

38 1654 124 1693 schisma
136 1654 246 1704 provincias
258 1666 329 1693 omnes
338 1667 383 1693 cum
397 1655 462 1693 debita
471 1655 610 1694 reformatione
627 1655 714 1693 visitavit

59 1764 180 1809 (ilJohannes
190 1764 272 1808 Baptista
282 1766 304 1797 de
310 1766 333 1798 Pa
338 1776 376 1798 rma
381 1775 413 1808 per
424 1763 710 1799 LeonemXconstitutusiuerat

37 1823 116 1857 vicarius
128 1823 218 1867 generalis
232 1825 264 1866 (30
282 1823 344 1857 Martii
359 1824 414 1865 1516;
430 1824 452 1857 cf.
472 1823 579 1866 Bullatium,
590 1824 604 1858 Ι.
613 1823 662 1867 457).
677 1823 713 1856 Sed

29 1890 99 1926 postea
109 1883 221 1916 Hellodorns
229 1882 339 1916 substitutus
350 1892 376 1916 est
383 1884 417 1925 (ih.
430 1885 449 1917 Ρ.
457 1884 501 1927 462)

59 1942 80 1984 (2)
92 1942 179 1975 Nicolaus
196 1942 257 1975 Audet
266 1952 298 1986 per
312 1943 369 1975 Breve
379 1941 454 1975 Adriani
462 1943 487 1975 VI
497 1943 533 1976 dat,
544 1953 566 1986 ²7
576 1941 620 1976 Julii
631 1942 673 1975 1523
686 1941 713 1974 in·

36 1999 118 2034 stituitur
127 2000 205 2034 vicarius
213 2001 302 2044 generalis
312 2000 427 2044 Ι(131111111111111,
443 2001 466 2042 11,
476 2000 532 2044 XIX).
544 2001 629 2034 Clemens
638 2001 672 2034 Vll
682 2000 713 2033 de·

36 2059 110 2093 claravit
119 2060 232 2103 Stephanum
247 2060 353 2093 nullatenus
363 2070 402 2093 esse
415 2059 505 2093 vicariurn
515 2059 631 2103 (Bullatium,
646 2060 670 2102 ll,
686 2059 711 2100 5),

37 2118 114 2152 cassavit
128 2119 228 2162 capitulum
245 2118 462 2161 hiontispessulanumin
478 2129 515 2162 quo
533 2119 637 2162 Stephanus
651 2117 712 2151 iuerat
771 2115 775 2121 ⁴

36 2176 104 2211 electus
114 2178 208 2213 Generalis
217 2178 250 2221 (ib.
263 2179 282 2212 Ρ.
297 2179 334 2221 10),
343 2178 419 2211 abstulit
426 2177 455 2221 jus
464 2178 579 2221 generalatus
589 2177 711 2221 ejusdem(ib.

37 2236 57 2268 P.
70 2237 96 2278 16,
106 2237 199 2271 etiterum
210 2238 230 2271 P.
244 2248 272 2271 20.
283 2245 300 2271 et
310 2238 329 2270 Ρ.
343 2237 376 2279 341.
389 2237 496 2271 Annullavit
505 2237 649 2281 appellationem
669 2236 712 2270 Ste-

37 2294 92 2337 phani
102 2297 132 2339 (t).
141 2298 179 2340 41).

59 2354 80 2397 (3)
94 2355 149 2389 Plura
159 2356 181 2389 de
196 2355 230 2389 isto
241 2356 341 2399 Stephano,
354 2356 376 2390 tle
388 2355 487 2390 schismate
498 2362 516 2389 et
526 2355 548 2389 de
565 2354 710 2389 incarceratione

37 2411 94 2454 ipsius
104 2414 123 2448 in
132 2415 175 2449 actis
187 2415 262 2459 capituli
275 2415 364 2459 generalis
374 2415 417 2448 anni
428 2415 478 2449 1532.
