1631 2703
293 118 294 121 ’
315 127 424 161 ⁴aunuente
448 103 451 107 ⁴

102 274 163 313 Ruan.
179 273 203 312 X.
216 274 244 312 Du
254 284 410 313 conrassronraus
424 284 448 313 er
460 265 640 313 eaffiurcanomnus.

66 421 81 448 1.
93 407 235 446 Confessiones
244 407 365 446 novitiorum
375 412 421 445 ante
433 407 565 457 receptionem
577 407 683 446 audiantur
692 413 711 447 et

36 484 79 518 ante
96 477 239 527 professionem
253 482 272 514 et
290 478 313 514 de
333 478 393 515 modo
412 477 542 516 confessionis
561 478 666 527 diligenter
680 478 711 521 in-

36 552 143 587 struantur.
156 558 176 584 2.
189 547 264 585 Fratres
276 558 316 585 non
333 546 416 596 professi
429 552 448 585 et
467 546 535 585 novitii
547 557 584 586 suo
595 546 654 596 priori
667 551 711 587 tan·

35 624 78 656 turn
90 617 227 664 confiteantur,
240 617 272 655 vel
289 616 398 654 confessori
410 629 421 653 a
432 616 496 665 priore
514 627 551 654 suo
563 616 680 664 constituto,
691 622 711 656 et

36 699 76 725 non
86 686 131 731 aiio,
141 685 179 723 nisi
190 686 215 723 de
224 685 301 723 licentia
311 698 346 724 sua
358 685 443 734 speciali,
453 686 491 724 sub
503 697 562 735 poena
573 686 710 728 auctoritatem

36 756 158 805 superiorum
179 755 326 804 usurpantium,
339 760 380 793 tam
401 754 504 793 confitenti
522 766 582 803 quarn
600 756 709 794 confessori

36 824 147 874 infligenda.
160 836 180 874 3.
192 824 306 875 Inhibemus
318 824 404 863 districte
416 836 441 862 ne
452 824 523 873 aliquis
533 825 591 863 frater
603 825 660 863 alleui
677 837 711 864 ex-

35 900 101 932 traneo
114 893 205 943 religioso
218 894 248 931 vel
258 894 345 932 saeculari
355 893 452 932 sacerdoti
464 893 588 939 confiteatur,
602 894 617 932 si
633 894 710 944 copiam

35 963 140 1002 sacerdotis
153 963 215 1002 nostri
224 963 300 1001 ordinis
312 964 383 1002 habere
395 964 488 1012 potuerit,
497 964 534 1002 sub
545 975 604 1012 poena
613 964 710 1013 gravioris

35 1034 98 1082 culpae
110 1044 143 1082 per
154 1032 171 1070 X
179 1033 220 1071 dies
229 1032 343 1082 infligenda.
357 1032 428 1071 Poterit
437 1037 503 1071 tamen
511 1034 571 1071 frater
579 1032 707 1082 quicumque,

35 1102 51 1140 si
62 1101 202 1141 conscientiam
210 1094 283 1152 peccati
292 1102 380 1141 mortalis
389 1102 479 1141 habuerit
488 1106 507 1140 et
513 1102 651 1141 necessitatem
660 1104 711 1148 cele·⁴

36 1172 105 1210 brandi
117 1176 151 1210 aut
162 1171 331 1219 communicandi,
350 1171 443 1221 religioso
463 1176 555 1211 extraneo
567 1173 598 1211 vel
615 1172 710 1212 sacerdoti

36 1241 121 1280 saeculari
134 1241 227 1289 honesto,
237 1241 268 1280 vel
280 1240 333 1280 fratri
354 1240 416 1279 nostri
428 1241 503 1280 ordinis
515 1241 559 1279 loco
580 1246 599 1280 et
619 1252 669 1284 voce
680 1254 711 1281 ca-

36 1311 91 1356 renti,
105 1315 139 1349 auf
148 1310 205 1349 etiam
218 1309 294 1350 novitio
306 1309 401 1349 sacerdoti
413 1310 433 1348 in
442 1310 539 1360 ¹praedicto
555 1306 602 1350 casu
613 1310 708 1350 confiteri.

36 1381 58 1419 Et
67 1386 116 1420 tunc
130 1380 182 1419 idem
192 1371 293 1431 peccatum
304 1392 341 1420 suo
353 1380 419 1431 priori,
432 1381 481 1420 dum
494 1381 537 1431 ejus
549 1381 626 1431 copiam
638 1381 710 1420 habere

37 1450 127 1499 potuerit,
137 1450 260 1490 confiteatur¹
273 1462 292 1499 4.
305 1450 390 1489 Novitiis
399 1455 465 1489 autem
483 1452 618 1491 confessiones
627 1452 709 1490 fratrum

37 1522 65 1557 vet
76 1525 215 1559 extraneorum
225 1520 292 1559 audire
299 1531 338 1558 non
351 1521 414 1565 liceat,
428 1521 466 1559 nisi
479 1532 514 1570 pro
526 1521 633 1560 inevitabili
642 1533 710 1561 neces-

37 1589 91 1628 sitate
99 1595 121 1628 ut
131 1590 221 1640 superius
233 1594 263 1629 est
274 1601 399 1639 expressum.

64 1660 146 1709 §.Nulli
157 1659 216 1698 etiam
228 1660 281 1698 fratri
299 1660 354 1699 liceat
365 1660 408 1698 sine
424 1660 500 1699 licentia
520 1660 590 1709 prioris
612 1661 711 1709 generalis

37 1730 67 1787 vel
81 1729 159 1779 capituli
171 1729 295 1779 provincialis
309 1735 329 1768 et
340 1730 474 1779 praelatorum,
487 1730 555 1768 audire
570 1730 711 1769 confessiones

36 1804 181 1845 extraneorum,
194 1801 226 1839 vel
235 1799 308 1849 aliquid
321 1800 398 1849 exequi,
412 1800 467 1849 quod
475 1800 500 1838 ad
509 1799 618 1839 ordinarios
626 1800 711 1850 pertinet

37 1869 168 1914 ecclesiarum,
181 1874 200 1908 et
211 1874 260 1908 tunc
269 1870 350 1918 quando
362 1869 465 1918 diligenter
474 1869 499 1907 sit
511 1870 635 1908 examinatus
642 1875 661 1908 et
673 1872 712 1909 suf·

37 1937 122 1977 ficienter
133 1938 217 1978 idoneus
226 1939 252 1977 sit
262 1939 362 1978 iuventus.
374 1937 392 1977 6.
406 1938 428 1976 Et
445 1939 491 1988 quia
511 1939 530 1977 in
551 1939 619 1978 multis
632 1939 711 1979 casibus

37 2007 146 2056 ignorantia
157 2012 187 2046 est
199 2008 307 2058 periculosa
317 2013 336 2047 et
347 2008 472 2053 damnabilis,
482 2008 608 2058 praecipimus
616 2009 711 2048 omnibus

37 2081 56 2114 et
67 2078 152 2128 singulis
164 2078 263 2127 prioribus
273 2078 436 2127 provincialibus,
450 2079 504 2128 quod
524 2084 570 2128 post
589 2079 674 2117 reditum
687 2080 711 2117 de

37 2148 121 2197 capitulo
133 2148 219 2198 generali
228 2148 277 2186 infra
286 2159 362 2186 annum
375 2149 488 2187 examinent
497 2160 568 2188 omnes
581 2154 600 2187 et
620 2149 712 2199 singulos

37 2217 105 2256 fratres
117 2218 228 2256 sacerdotes
245 2229 287 2256 sure
308 2218 413 2267 provinciae
425 2218 449 2256 de
462 2218 532 2263 tribus,
546 2219 587 2257 vid.
608 2218 712 2258 demissis

37 2285 131 2332 dicendis,
149 2292 169 2326 et
184 2287 364 2337 praedicationibus,
384 2293 403 2326 et
422 2288 583 2327 confessionibus
599 2288 710 2327 audiendis.

37 2354 59 2393 Et
70 2368 122 2405 quos
134 2368 174 2395 non
186 2357 269 2396 idoneos
288 2357 399 2396 invenerint
416 2358 493 2407 privent
505 2369 539 2397 eos
550 2359 575 2397 ab
587 2358 713 2397 administra-

37 2424 90 2465 tione
101 2427 160 2466 officii
172 2426 192 2466 in
205 2439 252 2478 quo,
266 2426 333 2466 minus
350 2427 415 2466 idonei
435 2428 511 2467 inventi
528 2428 607 2474 fuerint,
626 2440 666 2467 non
679 2429 713 2468 ob-
