1631 2703
291 150 294 155 .
311 142 449 171 tuamor-rnr-v
686 144 707 181 51

37 219 106 257 mmm
115 216 214 255 deMonle
227 216 313 255 Carmeli
323 219 343 254 er
351 217 413 264 priori
419 216 506 267 generali
511 216 575 266 fratri
586 217 612 255 N:
627 216 710 267 ejnsdern

36 287 108 327 ordinis
117 286 193 335 snisqne
198 286 335 324 successorihus
342 288 443 324 secundnm
450 287 536 335 regalem
539 286 629 333 predicti
636 287 710 324 ordinis

35 368 93 406 iisqne
106 357 133 393 nd
141 357 231 393 mortem.
247 355 301 393 Sicut
320 355 382 403 prius.
397 356 443 400 Quo
454 356 505 393 iacto
523 355 711 404 dicat-praesidens:-

36 419 87 464 Dens
98 425 131 474 qni
139 426 157 462 te
165 424 243 472 incoepit
251 424 289 472 ipse
301 424 397 474 perficiat.
408 424 549 473 Respondeant
560 426 629 463 fratres
640 424 708 462 Arnen.

35 494 128 544 Sequitur
141 498 189 531 tunc
201 493 263 531 oratio
280 504 339 542 super
354 494 433 531 tratrem
454 493 506 531 Dens
520 493 649 544 indulgentiae,
664 505 709 549 cupi

36 562 173 612 sequentibus.
183 563 267 612 Require
279 562 299 600 in
309 563 419 611 receptione
429 562 556 601 novitiorum.
565 549 643 607 Qribus
653 562 710 600 dictis

36 632 124 682 sequitur
138 631 249 670 benedictio
261 642 321 680 super
332 631 429 671 habitum.
437 636 461 686 p.
473 630 555 669 Ostende
566 632 619 670 nobis
630 632 711 670 Domine

36 700 183 741 misericordiam
201 703 259 740 trram.
272 703 296 753 p.
309 701 390 738 Domine
402 702 454 739 Dens
464 701 558 739 nirtntnrn
569 703 656 739 converte
667 712 708 739 nos.

36 771 116 810 Domine
127 770 204 809 examii.
217 772 273 809 Dans
282 769 384 808 nobiscnm.
629 780 631 782 ’

330 855 415 893 Oranus

102 955 161 983 omme
171 945 209 992 jhu
216 944 299 994 Xpequi
309 949 403 993 tegumen
416 950 490 983 nostrae
496 946 620 983 mortalitatis
629 945 710 983 induere

100 1015 194 1064 dignatos
199 1026 226 1059 es,
235 1014 486 1053 obsecramusimmensam
493 1019 533 1052 tuae
542 1015 636 1064 largitatis
646 1015 712 1070 abun-¹

36 1084 121 1122 dantiam
131 1083 151 1121 in
164 1085 201 1121 hoc
210 1095 274 1132 genus
283 1083 362 1121 effluere
374 1083 495 1128 vestimenti,
507 1084 561 1132 quod
573 1084 634 1122 sancti
644 1088 711 1138 patres

36 1154 59 1190 ad
67 1152 223 1196 innocentiave]
232 1152 348 1190 humilitatis
359 1152 453 1196 indicium
471 1152 656 1196 abrenuntiantibus
666 1164 710 1190 >sae-

36 1223 80 1260 culo
93 1224 142 1260 serre
154 1226 269 1266 sanxerunt,
283 1225 302 1259 et
319 1222 347 1259 sic
359 1221 425 1270 ipsum
440 1219 518 1273 bene†
532 1221 595 1259 dicere
612 1222 707 1271 digneris,
758 1268 761 1270 q

36 1296 57 1329 ut
72 1291 102 1329 hic
113 1280 200 1328 famulus
211 1296 258 1329 tuus
270 1290 304 1339 qui
313 1302 336 1327 eo
347 1302 395 1328 usus
404 1291 463 1328 tuerit
474 1297 493 1327 te
508 1290 590 1328 induere
602 1296 707 1345 mereatur.

102 1381 203 1428 omraJhu
215 1382 257 1430 Xpe
263 1385 330 1419 auctor
339 1380 434 1418 virtutum
443 1386 462 1419 et
474 1384 550 1418 amator
559 1381 716 1430 poenitentium*

38 1382 93 1493 D
101 1450 135 1499 qui
148 1450 234 1487 maxime
241 1449 380 1497 humilitatem,
393 1450 501 1488 castitatem
510 1454 529 1487 et
541 1455 675 1499 paupertatem
685 1440 715 1487 ab1

35 1519 128 1557 omnibus
136 1520 204 1557 ceteris
213 1518 319 1557 virtutibus
334 1518 489 1567 corporaliterin
502 1519 578 1557 mundo
596 1519 680 1569 elegisti,
691 1524 710 1557 et

36 1594 146 1636 peccatores
159 1588 183 1625 ad
195 1587 333 1637 poenitentiam
349 1588 498 1626 misericorditer
507 1588 587 1633 vocasti,
598 1601 620 1626 ac
638 1599 710 1626 omnes

35 1657 102 1696 fideles
114 1662 251 1695 convertentes
263 1658 294 1706 pie
306 1657 416 1705 suscepisti,
431 1657 618 1695 tuam-ineffabilem
635 1658 711 1695 miseri—

36 1727 120 1764 cordiam
130 1710 244 1775 suppliciter
253 1737 364 1769 exoramus,
373 1731 472 1774 quatenus
479 1726 568 1764 habitum
576 1727 629 1764 hunc
639 1727 710 1764 sancti-

35 1795 92 1834 ficare
108 1808 131 1833 ac
139 1796 254 1833 benedicere
266 1786 360 1844 digneris,
372 1801 391 1833 et
408 1795 494 1834 concede
514 1796 618 1845 propitius,
629 1800 652 1835 ut
666 1797 709 1844 qui-

36 1875 121 1913 cumque
133 1865 189 1902 illum
202 1865 273 1903 devote
285 1864 304 1902 in
318 1864 397 1913 signum
411 1870 484 1902 sanctae
496 1865 652 1902 conversationis
664 1858 717 1913 ges-²

36 1934 110 1978 taverit,
123 1945 169 1972 cum
181 1938 236 1972 veste
246 1933 327 1971 candida
339 1938 358 1971 et
370 1933 494 1972 immaculata
503 1934 641 1972 antetribunai
650 1938 708 1971 tuum

36 2001 55 2039 in
63 2002 180 2041 Sanctorum
193 2003 272 2052 agmine
284 2002 406 2051 glorificatus
418 2003 438 2041 in
454 2003 485 2041 die
499 2003 564 2051 judicii
576 2004 639 2042 valeat
651 1991 716 2051 appass

36 2081 81 2110 rere.
94 2071 188 2116 Qricum
201 2072 255 2109 Patre
267 2076 286 2109 et
298 2071 370 2120 Spiritu
383 2072 455 2110 Sancto
469 2077 506 2109 etc.

0 2166 1 2169 =
60 2140 133 2179 Deinde
145 2138 259 2190 aspergatur
271 2152 322 2190 aqua
331 2130 433 2179 benedicta
445 2141 528 2180 dicendo
544 2141 565 2178 In
581 2142 657 2179 nomine
671 2142 711 2179 Pn-

35 2210 69 2247 tris
80 2213 100 2248 et
115 2211 162 2249 Filii
178 2214 197 2248 et
207 2211 292 2259 Spiritus
303 2211 376 2251 Sancti.
395 2211 537 2261 Respondeant
556 2212 626 2249 iratres
640 2211 708 2263 Arnen.

0 2305 1 2308 η
34 2277 103 2318 Postea
114 2279 244 2329 priorinduat
251 2292 297 2318 eum
307 2281 397 2318 habitum
410 2281 477 2318 dicens
489 2280 558 2327 Accipe
569 2280 617 2317 hnrze
627 2280 717 2332 habitune

0 2382 1 2388 ,
35 2340 192 2400 inremissionem
205 2352 323 2398 peccatorum
342 2353 416 2388 tuorum
431 2353 450 2388 et
469 2352 538 2387 nostrie
549 2352 619 2388 sancire
635 2350 718 2402 relig-io·-

0 2430 2 2453 :
35 2417 64 2455 nis
73 2421 201 2472 ongmentnm.
213 2420 234 2457 ln
243 2420 318 2458 nomine
327 2420 392 2458 Patris
401 2422 421 2458 et
430 2420 477 2458 Filii
487 2421 507 2456 el
514 2419 547 2466 Sp.
557 2419 649 2469 S.⁴Resp.
662 2431 720 2471 con-2
