1631 2703
85 107 120 146 15²
352 107 401 137 nort
414 107 475 136 cnnr.
507 106 517 123 τ

103 182 280 221 ltems‘ordinamus
292 184 345 232 quod
357 184 423 221 nullus
435 182 544 220 licentiatus
552 181 642 231 Parysius
661 180 680 218 in
692 181 748 218 tneo-

82 250 133 298 log'ia
142 255 187 287 ante
201 262 247 288 suas
259 251 384 299 vespertinas
395 250 425 302 (ι)
438 251 533 288 ramulum
547 249 620 287 habere
633 244 663 287 vel
683 253 748 286 tenere

81 318 151 356 audeat
163 319 200 356 ‘sub
210 306 269 367 poenzi
279 318 435 357 inobedientibus
445 318 558 367 infligenda.

104 388 155 424 -ltem
167 387 281 425 ordinamus
293 387 346 435 quod
358 388 377 424 in
389 398 436 425 casu
447 398 487 435 quo
499 386 589 436 Parysius
601 385 695 434 magister
707 390 748 423 stu-

83 455 172 492 dentium
184 455 208 492 sit
224 455 301 498 absens,
315 467 392 504 semper
406 455 471 503 junior
485 453 604 491 bachalarius
613 453 638 491 sit
655 453 749 502 magister

83 523 214 562 studentium.
226 524 248 562 Et
257 522 384 562 si'secund'us
396 524 462 572 junior
471 524 496 561 sit
504 523 582 567 absens,
592 522 662 560 tertius
676 521 748 560 ibidem

83 592 167 630 studens
176 592 201 629 sit
213 592 312 641 magister,
325 592 355 629 cui
369 592 491 640 praecipimus
504 591 556 639 quod
565 602 635 628 omnes
642 595 697 629 actus
706 602 749 628 sco-

83 661 162 699 lasticos
173 660 255 699 exerceri
268 654 378 711 vconsuetos
395 660 517 698 infallibiliter
534 665 652 698 exerceatet
663 659 750 708 speciali.-

84 735 113 766 ter
129 729 183 766 omni
201 722 309 777 septimina
321 730 381 766 semel
394 729 487 777 disputet,
506 728 543 766 sub
565 739 624 776 poena
636 728 750 776 privationis

84 798 114 836 vel
136 797 372 845 amissionisltnxationis
392 798 422 834 vel
435 795 552 846 provisionis
577 796 614 835 sibi
625 791 697 834 debitae
708 806 750 834 suae

84 865 194 914 provinciae.
204 878 205 881 ¹
214 854 307 903 Vole‘ntes
318 866 349 916 (2)
360 866 418 914 priori
430 865 515 914 generali
533 865 586 913 quod
604 865 623 902 in
638 876 684 903 casu
697 866 750 913 quod

84 935 131 972 tales
153 934 254 972 bacbalarii
271 939 325 972 actus
338 939 359 972 ut
368 934 493 983 praemittitur
511 945 550 973 non
563 939 664 973 exerceant
676 934 751 983 privare

75 1003 138 1052 ipsos
151 1003 218 1040 lmbeat
228 1003 334 1041 ‚taxatione
352 1003 443 1052 predicta
456 1003 563 1042 habita'vel
574 1003 675 1041 habenda

103 1072 156 1111 item
168 1071 282 1110 ordinamus
294 1072 347 1120 quod
371 1072 452 1121 quilibet
474 1072 555 1111 biblicus
572 1072 662 1123 Parysius
683 1073 751 1121 legens

85 1140 145 1179 nostri
157 1140 231 1178 ordinis
242 1141 336 1179 lectiones
347 1152 393 1179 suas
411 1152 445 1189 per
461 1146 526 1179 totum
537 1152 613 1179 annum
626 1140 729 1178 continuet
740 1152 750 1178 a

85 1209 180 1258 principio
201 1219 237 1247 suo
258 1209 357 1258 usquead
369 1209 454 1258 vigiliam
477 1209 584 1248 Natiuitatis
604 1209 666 1247 bealae
678 1209 749 1254 Mariae,

86 1289 121 1315 nec
132 1278 181 1315 tales
193 1277 285 1315 lectiones
297 1276 360 1326 possit
371 1278 467 1315 dimittere
479 1278 521 1316 sine
528 1277 605 1327 speciali
615 1277 691 1315 licentia
701 1278 752 1326 prio-

85 1347 111 1384 ris
120 1346 225 1395 generalis3
236 1346 290 1394 quod
303 1346 318 1383 si
326 1348 394 1384 laceret
407 1346 524 1384 mandamus
536 1346 594 1395 priori
602 1346 686 1396 generali
698 1339 752 1395 quod

85 1415 151 1464 ipsum
164 1415 219 1452 omni
232 1415 329 1452 taxatione
341 1415 377 1453 sibi
388 1416 451 1453 debita
463 1415 531 1464 privet,
543 1427 578 1453 nec
590 1416 683 1453 volumus
697 1415 751 1464 quod

85 1484 136 1532 prior
149 1484 244 1533 generalis
257 1484 320 1532 possit
332 1485 374 1522 uno'
384 1495 437 1522 anno
449 1485 500 1522 duos
512 1484 594 1522 biblicos
606 1484 701 1528 ordinare,
715 1484 751 1522 nisi

84 1563 143 1590 causa
154 1551 271 1589 infirmitatis
281 1546 312 1589 uel
322 1552 398 1597 mortis,
410 1558 431 1590 ut
441 1553 468 1590 sic
479 1552 523 1591 talis
533 1553 600 1601 legens
610 1553 673 1602 magis
683 1553 752 1591 habeat

86 1632 159 1659 nomen
171 1620 234 1658 biblici
245 1632 303 1669 quam
314 1622 405 1659 cursoris.

112 1691 158 1727 llem
173 1690 287 1728 ordinamus
299 1691 353 1739 quod
365 1690 485 1739 quicumque
498 1690 577 1728 scolaris
591 1690 681 1741 Parysius
693 1701 752 1728 vene-

86 1758 110 1796 rit
121 1763 166 1796 ante
178 1760 249 1796 lestum
262 1759 410 1807 Assumptionis
422 1759 483 1796 beatae
491 1759 556 1797 Mariae
565 1771 598 1808 per
610 1759 660 1797 duos
671 1770 752 1797 menses

86 1838 121 1875 pro
131 1826 220 1875 quolibet
231 1838 299 1864 mense
311 1828 374 1864 solvat
385 1828 489 1865 conventui
502 1828 594 1876 praedicto
615 1838 676 1865 unum
694 1820 752 1865 llore-

86 1905 147 1933 num:
156 1895 174 1933 Si
186 1900 251 1933 autem
261 1879 306 1933 ante
320 1895 393 1933 veniret
405 1896 496 1933 volumus
506 1896 559 1944 quod
571 1897 634 1933 solvat
645 1895 694 1945 (Ροί.
707 1896 752 1947 5oa)

85 1963 161 2012 integre
175 1964 292 2001 taxationem
311 1969 399 2012 prototo
413 1975 466 2001 anno
482 1964 522 2002 illo.
536 1964 672 2003 .c0ncedimus
685 1970 750 2002 tamen

85 2033 139 2082 quod
150 2032 251 2070 bachelarii
263 2037 282 2070 et
293 2032 357 2069 biblici
369 2032 433 2070 venire
443 2032 519 2081 possint
527 2037 544 2085 et
558 2037 608 2071 stare
617 2033 707 2083 Parysius
719 2045 752 2082 per

84 2101 135 2140 duos
146 2113 224 2140 menses
232 2099 276 2139 ante
288 2103 360 2139 testum
370 2101 484 2151 praedictum
497 2102 539 2140 sine
550 2102 693 2140 contributione
704 2091 752 2151 qua,-

85 2181 192 2219 cumque:
239 2198 246 2211 ,-

108 2323 128 2365 [1]
136 2321 273 2365 'Disputationes
280 2321 393 2365 Vespertince
406 2329 447 2356 ante
454 2322 568 2356 collationem
578 2320 687 2356 licentiatus.
745 2339 747 2342 ·

108 2380 129 2423 (ε)
140 2379 184 2425 lege:
192 2380 305 2416 brandanus.
357 2388 361 2415 .·
