1631 2703
89 129 126 170 162
364 140 485 172 acriorem.

88 216 141 265 prior
153 217 226 255 electus
235 217 291 256 luerit
303 218 323 256 in
335 224 443 257 conventu.

114 286 161 324 ltem
173 286 287 326 ordinamus
299 288 354 342 quod
369 289 434 327 nullus
450 289 506 327 irater
517 288 591 327 ordinis
603 289 634 327 rel
647 291 759 325 conventus

88 356 159 394 audeat
169 355 243 394 virtute
251 362 412 396 conservatorum
424 356 454 406 (r)
466 355 515 409 (Fol.
528 356 571 408 saa)
585 357 642 395 citare
656 357 686 395 vel
699 356 759 393 mole-

89 430 140 464 stare
146 425 230 475 aliquam
238 437 341 475 personam
349 427 378 464 vel
386 427 595 472 comnrunitatem,nisl
603 425 760 475 lrocprocesserit

90 506 182 544 expresse
191 495 215 533 de
226 507 325 534 consensu
337 501 356 533 et
365 496 439 534 licentia
453 496 522 545 prioris
534 496 657 545 provincialis
674 495 711 539 sui,
726 494 759 543 qui

90 575 151 613 super
170 565 207 602 hoc
219 565 288 602 habeat
302 566 403 603 consulere
419 570 504 613 quatuor
521 566 589 603 tratres
606 565 630 602 de
648 563 758 602 senioribus

91 633 196 681 provinciae
207 644 255 677 suae,
265 634 295 671 vel
305 634 341 671 nisi
351 634 370 671 in
383 633 467 682 capitulo
480 633 590 682 provinciali
600 645 637 671 suo
652 632 759 670 obtinuerit

90 702 188 740 licentiam
196 702 307 751 specialem.

116 771 164 808 ltenr
176 770 195 808 in
207 771 290 808 Rubrica
305 771 359 808 XLIV
371 771 395 808 de
406 771 497 809 fratribus
511 771 650 808 decedentibus
662 770 757 808 addatur:

89 839 142 886 quod
156 840 221 876 nullus
233 840 290 876 frater
300 839 363 886 possit
374 839 437 888 legare
449 840 479 876 vel
491 839 606 877 distribuere
620 839 687 883 libros,
701 849 759 887 pecu-

70 946 72 949 ,
90 906 149 950 niam,
158 908 189 945 vel
198 908 267 956 jocalia
275 907 328 944 alteri
342 907 392 944 nani
405 907 466 945 nostri
476 907 550 945 ordinis
559 908 583 945 de
596 918 635 956 quo
645 906 758 955 opinaretur

89 976 217 1024 probabiliter
226 976 279 1024 quod
289 987 328 1013 non
337 980 388 1013 esset
397 975 416 1013 in
428 976 496 1013 ordine
504 987 652 1025 permansurus,
662 976 692 1012 vel
699 975 732 1023 qui
740 975 758 1012 in

90 1043 146 1081 malis
158 1044 228 1081 usibus
243 1043 287 1081 talia
306 1044 431 1092 expenderet,
440 1045 470 1082 vel
487 1044 620 1087 alienar·et‚sed
633 1042 699 1081 omnia
713 1054 759 1080 con-

89 1117 189 1150 vertantur
200 1118 258 1160 prout
270 1113 290 1149 in
300 1112 440 1150 constitutione
449 1112 527 1160 antiqua
535 1112 674 1156 continetur,et
685 1110 704 1147 in
714 1122 758 1148 casu

90 1191 130 1228 quo
141 1180 185 1218 talis
197 1182 254 1218 irater
267 1180 297 1218 cui
309 1181 353 1219 talia
365 1181 475 1229 legarentur
490 1186 541 1218 esset
553 1191 601 1229 puer
610 1180 695 1229 iuvenis,
706 1180 760 1218 volu-

91 1260 137 1286 mus
154 1249 207 1297 quod
220 1249 268 1298 talia
280 1240 320 1287 sint
332 1250 351 1286 in
364 1249 453 1286 custodia
465 1249 495 1286 sui
506 1254 615 1286 conventus
630 1249 649 1285 in
668 1260 707 1296 quo
722 1248 759 1286 luit

91 1322 187 1365 receptus,
201 1317 263 1355 donec
275 1317 298 1354 de
315 1317 347 1355 tali
358 1318 430 1366 jurene
442 1317 494 1354 bona
511 1318 541 1355 vel
555 1318 604 1354 mala
616 1317 683 1365 opinio
695 1317 760 1354 verisi-

91 1385 163 1422 militer
175 1386 275 1423 habeatur.

115 1454 160 1490 ltem
179 1454 260 1491 addatur
279 1454 332 1502 quod
351 1465 396 1492 cum
408 1453 468 1502 aliqui
481 1454 548 1491 fratres
561 1454 677 1491 decedentes
689 1453 758 1491 iaciant

89 1522 165 1570 aliquos
177 1523 244 1560 fratres
257 1527 369 1560 executores
381 1522 526 1559 ordinationum
539 1523 569 1558 vel
580 1523 703 1559 voluntatum
716 1533 759 1559 sua-

90 1599 141 1637 rum,
154 1592 249 1629 volumus
261 1596 280 1628 et
298 1591 412 1628 ordinamus
430 1595 544 1628 executores
561 1595 657 1638 quantum
669 1590 693 1627 ad
710 1591 758 1627 tales

89 1659 214 1697 executiones
226 1659 336 1697 subdantur
345 1658 460 1696 obedientiae
472 1658 582 1707 provincial
615 1659 759 1717 n{suorumser-

90 1733 133 1766 vata
144 1732 166 1765 ut
176 1728 245 1765 melius
260 1727 332 1776 poterit
343 1728 442 1764 voluntate
459 1727 558 1764 decedenti
572 1769 574 1774 A
594 1728 636 1779 *aget
645 1726 698 1775 quod
709 1727 758 1763 tales

90 1801 203 1834 executores
215 1796 239 1833 de
251 1807 318 1834 eorum
328 1794 477 1833 executionibus
488 1806 557 1833 eorum
565 1783 677 1844 provinciali
686 1799 705 1832 et
716 1805 759 1843 pro-

91 1865 165 1902 vinciali
186 1864 271 1913 capitulo
288 1869 390 1902 teneantur
405 1863 483 1900 reddere
495 1850 589 1901 rationem
602 1874 646 1900 cum
671 1863 757 1910 requisiti

90 1933 169 1971 fuerint.

116 2002 162 2038 ltem
174 1999 279 2038 statuimus
291 2004 310 2036 et
321 1999 435 2037 ordinamus
447 1999 558 2047 quodcum
573 1998 592 2035 in
605 1999 692 2036 fraudem
711 2010 758 2036 con-

89 2074 185 2109 ventuum
193 2070 260 2106 fratres
271 2068 307 2106 sibi
317 2067 364 2117 ipsis
374 2072 443 2105 mutuo
454 2067 478 2105 de
489 2067 547 2105 bonis
557 2078 625 2105 eorum
641 2067 660 2104 in
670 2067 709 2105 vita
721 2067 756 2105 do-

109 2241 130 2285 (r)
146 2238 233 2282 Quamvis
242 2239 286 2272 ordo
300 2245 381 2272 nostera
397 2237 521 2281 jurisdictione
531 2237 657 2281 episcoporum
672 2246 753 2272 eremius

87 2298 140 2333 fuerit
148 2297 268 2332 communiter
280 2297 359 2340 episcopi
369 2307 401 2340 per
412 2296 480 2329 litteras
492 2295 599 2339 apostolicas
616 2304 750 2330 conservatores

87 2357 222 2402 privilegiorum
232 2364 336 2389 nostrorum
347 2354 495 2388 nominabantur.
506 2353 532 2386 Cf.
543 2353 642 2387 Bullarrurn
651 2354 726 2398 ordinis,
734 2362 745 2388 t.

90 2429 104 2451 r.
113 2418 130 2450 P.
138 2427 167 2459 41,
177 2415 208 2448 ubi
215 2414 307 2458 exemplar
314 2412 451 2448 conservatoriee
461 2412 545 2446 habetur.
