1631 2703
350 107 509 138 constitutiones

120 193 122 196 ι
178 214 239 252 Runa.
256 215 351 252 XXXVlll.
370 215 398 253 De
416 196 530 254 uacennona
544 196 684 254 enatnrorun.
736 265 738 269 Α

127 341 143 367 r.
157 329 283 379 Praecipimus
302 331 355 378 quod
373 331 440 368 iratres
458 331 527 369 devote
539 336 558 368 et
575 331 658 369 honeste
669 330 735 368 statim
748 333 767 367 et

97 398 139 437 sine
152 398 266 436 conditione
277 410 326 437 suos
337 399 450 448 superiores
465 400 489 437 ad
500 411 521 437 se
535 399 636 438 venientes
649 400 680 437 vel
693 399 766 437 missos

98 466 197 516 recipiant,
211 471 228 504 et
241 467 325 505 debitam
338 467 365 505 eis
373 468 504 505 obedientiam
516 472 536 505 et
547 468 674 505 reverentiam
688 467 765 512 iaciant,

98 541 118 573 et
129 536 146 573 si
158 546 198 573 non
213 535 293 573 iecerint
302 536 344 584 ipso
358 538 408 574 tacto
416 536 528 584 judicamus
537 547 571 574 eos
583 536 735 585 conspiratores,
748 539 767 573 et

98 615 157 653 poena
166 604 322 653 conspiratorum
332 604 449 653 puniendos.
460 616 479 643 2.
496 604 515 642 Si
524 610 590 643 autem
607 605 691 653 priorem
706 616 766 654 gene-

99 674 158 711 ralem
172 674 201 710 vel
210 672 346 722 provincialem
359 673 471 711 infirmitate
482 675 512 712 vel
524 673 559 711 alia
568 673 651 712 evidenti
664 684 721 711 causa
734 673 767 711 de·

99 741 156 779 tineri
165 742 195 780 vel
204 741 292 790 impediri
304 742 415 791 contigerit,
428 743 481 790 quod
493 754 514 779 ea
527 753 572 790 quae
583 742 607 780 ad
622 743 664 791 ejus
680 741 766 780 officium

99 811 203 859 pertinent,
214 810 284 859 exequi
296 821 335 848 non
347 812 425 855 valeret,
439 800 531 849 ordinent
539 811 624 859 aliquem
636 810 660 848 de
669 810 711 849 suis
722 811 767 849 sub-

98 879 143 917 ditis
154 878 192 916 tide
204 879 286 927 dignum
296 883 315 916 et
326 878 440 923 discretum,
454 879 487 927 qui
499 879 551 917 vices
563 880 605 925 ejus
617 880 706 928 suppleat
721 890 766 916 cum

85 965 87 970 ·
98 960 109 985 a
121 947 205 986 subditis
214 947 255 986 suis
272 947 330 985 fuerit
342 947 496 996 requisitus‚.vel
514 948 649 994 necessitatem
665 947 734 985 viderit
743 947 767 985 ad

98 1015 223 1055 mittendum.
247 1016 365 1054 Ordinantes
388 1017 441 1065 quod
459 1016 534 1055 vicariis
545 1017 576 1054 vel
592 1015 727 1055 visitatoribus
739 1016 767 1054 sic

98 1084 164 1123 missis
174 1090 253 1134 tempus
263 1090 282 1122 et
290 1085 395 1123 auctoritas
407 1085 507 1129 limitetur,
520 1090 539 1123 et
551 1086 604 1135 quod
616 1085 652 1134 ipsi
662 1084 726 1123 vicarii
735 1074 765 1123 vel

98 1152 208 1192 visitatores
220 1153 322 1202 prioribus
331 1158 349 1191 et
360 1154 492 1192 conventibus
503 1154 527 1192 de
539 1166 574 1193 sua
583 1159 679 1203 potestate
690 1154 766 1203 copiam

100 1222 176 1266 iaciant,
193 1234 238 1260 cum
248 1223 272 1259 ab
284 1222 331 1271 ipsis
345 1222 418 1260 fuerint
433 1223 526 1271 requisiti.
539 1224 578 1261 Nec
587 1223 635 1261 tales
647 1222 711 1260 vicarii
721 1234 766 1271 pos-

100 1290 139 1329 sint
150 1291 243 1329 vicarium
253 1292 283 1329 vel
293 1290 373 1329 vicarios
381 1292 441 1329 alium
453 1302 488 1330 seu
502 1292 550 1329 alios
559 1292 685 1337 substituere,
699 1291 736 1329 nisi
747 1295 767 1329 et

100 1364 158 1408 prout
165 1360 185 1397 in
196 1360 263 1398 litteris
271 1370 312 1398 suae
321 1360 468 1398 commissionis
477 1360 574 1399 videbitur
583 1360 685 1398 contineri.
697 1371 716 1410 3.
728 1359 767 1399 Sta,

99 1428 174 1467 tuimus
185 1434 250 1467 autem
259 1428 313 1476 quod
323 1430 389 1467 nullus
399 1430 490 1477 praelatus
499 1429 574 1467 ordinis
584 1429 644 1467 nostri
656 1428 768 1478 cujuscum-

99 1510 137 1547 que
145 1497 217 1547 gradus
229 1499 258 1535 vel
274 1497 391 1535 conditionis
402 1497 478 1542 existat,
492 1498 555 1546 possit
570 1498 652 1546 recipere
663 1498 687 1536 ab
702 1497 768 1546 aliquo

100 1567 135 1605 sibi
148 1566 226 1604 subdito
236 1577 309 1604 munus
318 1566 403 1615 aliquod,
415 1571 436 1604 ut
448 1572 494 1616 puta
506 1567 525 1604 in
538 1567 593 1611 libro,
607 1566 673 1611 rauba,
687 1553 768 1615 pecunia

99 1637 130 1674 vel
137 1635 194 1686 jocali
206 1636 256 1673 ultra
267 1637 351 1673 valorem
362 1635 496 1673 Vsolidorum
508 1635 645 1674 turonensium
656 1633 765 1685 nigrorum,

100 1716 135 1742 nec
147 1705 184 1742 hoc
193 1705 242 1742 ultra
254 1705 322 1747 semel,
333 1704 370 1742 sub
385 1715 444 1752 poena
460 1704 589 1753 depositionis
605 1704 629 1741 ab
644 1704 708 1742 officio
724 1704 767 1752 ipso

100 1775 158 1819 facto,
175 1773 253 1822 quando
265 1784 331 1810 coram
348 1773 448 1822 superiore
458 1773 516 1811 tuerit
535 1773 638 1811 convictus
649 1775 679 1811 vel
691 1774 768 1811 confes-

101 1853 147 1889 sus;
159 1853 192 1890 per
209 1843 246 1879 hoc
257 1847 323 1879 tamen
339 1852 379 1879 non
395 1841 523 1890 intelligimus
538 1842 647 1886 excludere,
660 1842 708 1890 quin
719 1841 768 1879 inte-

102 1909 161 1948 riores
174 1909 250 1959 possint
262 1910 302 1948 suis
314 1909 447 1958 superioribus
459 1910 524 1959 legare
535 1910 589 1958 quod
601 1910 627 1947 eis
639 1909 739 1958 placuerit,
752 1910 768 1948 si

103 1978 182 2016 devotio
190 1978 258 2016 adhoc
269 1988 303 2016 eos
313 1982 391 2016 moveat
405 1982 484 2027 propter
497 1978 566 2017 Deum.

174 2095 235 2132 Ruan.
249 2095 331 2132 XXXlX.
344 2095 441 2133 De‘rceurs
452 2105 475 2132 ar
485 2105 541 2132 nnrno
553 2105 576 2132 ue
587 2104 642 2133 erana
655 2104 705 2133 teris

400 2174 471 2202 cuna.

132 2292 148 2319 1.
164 2280 214 2330 Qria
223 2280 374 2318 constitutiones
383 2279 462 2318 Ordinis
474 2279 534 2317 nostri
547 2290 587 2317 non
596 2279 684 2328 obligant
696 2291 733 2318 nos
744 2280 768 2318 ad

103 2350 179 2399 culpam
192 2348 241 2400 (Fol.
253 2349 300 2401 352)
312 2349 346 2387 sed
355 2349 379 2387 ad
392 2360 471 2398 poenam
483 2349 582 2400 scriptam,
596 2348 611 2387 si
622 2348 678 2386 nobis
690 2354 769 2397 propter
