1631 2703
312 125 391 153 tuamen
408 124 425 153 ΙΙΙ
681 124 705 162 25

33 202 69 242 diei
79 201 141 251 ‘quam
150 200 221 245 noetis,
234 203 253 237 et
262 211 297 249 pro
307 210 366 249 posse
375 210 412 237 suo
422 199 521 237 humiliter
533 203 552 236 et
558 196 629 237 devote
639 203 657 237 et
664 198 708 236 uni-

31 271 119 312 formiter
146 268 236 307 divinum
260 268 348 307 officium
368 268 624 318 compienne-secundum
647 279 707 306 usum

31 338 129 380 Dominici
139 337 243 387 sepulchri.
633 371 635 373 ,

58 408 77 447 6.
90 408 160 447 Nullus
180 407 199 444 in
220 407 282 445 choro
301 406 355 444 allud
377 407 407 445 vel
425 406 480 444 aliter
497 410 574 444 cantare
592 411 705 456 praesumat,

33 482 92 528 quam
104 476 218 515 communis
230 487 278 515 usus
296 476 370 514 ordinis
393 476 495 525 approbat,
513 487 549 514 nec
568 481 653 515 motetos
673 487 708 514 nec

31 544 171 598 marmano),
185 557 221 584 nec
236 544 322 594 aliquem
332 551 411 583 cantum
425 545 489 595 magis
499 546 523 584 ad
535 545 633 583 lasciviam
647 556 706 594 qnam

32 616 156 655 devotionem
178 619 300 658 moventem,
325 615 363 652 sub
386 624 445 664 poena
474 614 571 664 gravioris
591 615 654 664 culpae
674 626 708 663 per

32 697 94 724 unum
106 684 166 723 diem.
180 694 198 732 7.
216 683 308 721 Ordinale
319 688 386 722 autem
393 684 434 733 jam
451 684 528 723 dudum
544 695 578 732 per
590 683 707 733 Magistrum

32 755 130 793 Sibertum
141 753 253 790 ordinatum
265 757 285 790 et
296 757 407 790 correctum
419 757 439 790 et
451 764 485 801 per
499 758 584 802 quatuor
596 752 709 802 praeceden-

32 824 58 861 tia
70 822 131 861 nostri
140 822 220 860 Ordinis
231 822 329 871 generalia
341 822 425 871 capitula
434 820 607 873 (2)confrrmatum
618 822 707 859 unanimi

33 903 93 931 sensu
111 891 245 940 approbamus
257 896 277 929 et
289 902 323 940 per
337 895 403 929 totum
415 891 505 929 ordinem
518 891 542 929 ab
555 891 649 929 omnibus
659 902 709 940 prae-

33 962 117 1011 cipimus
126 960 233 999 observari.
244 961 285 998 Hoc
296 961 362 998 addito
377 961 431 1009 quod
444 961 518 999 dicatur
530 961 554 998 ad
564 971 635 999 omnes
647 961 705 999 horas

32 1030 135 1069 canonicas
147 1029 259 1068 immediate
277 1035 322 1067 ante
337 1030 430 1068 Fideliom
448 1030 503 1067 Salve
522 1030 597 1078 Regina
617 1041 663 1068 cum
681 1026 705 1076 lt.

33 1100 73 1139 Ora
88 1104 124 1148 pro
138 1099 199 1144 nonis,
213 1103 233 1137 et
242 1100 323 1137 collecta
334 1100 415 1149 protege
425 1099 513 1143 Domine,
535 1104 555 1137 et
570 1099 650 1137 finiatur
669 1100 708 1137 Per

33 1170 130 1208 Christum
139 1170 195 1207 Dora.
207 1168 298 1207 Nostram
308 1168 351 1207 sine
361 1173 414 1207 nota.
431 1168 517 1217 Dempto
527 1168 662 1217 Completorio
675 1168 708 1206 ubi

34 1239 109 1277 dicatur
120 1249 167 1276 cum
176 1242 230 1276 nota.
576 1279 578 1283 .

49 1308 80 1346 48.’
90 1308 112 1346 Et
123 1307 178 1355 quod
190 1306 223 1345 fiat
232 1306 256 1344 de
266 1307 350 1345 Domina
359 1306 378 1344 in
391 1307 477 1345 adventu
487 1307 548 1345 semel
558 1306 577 1344 in
590 1305 707 1356 septimana,

33 1381 51 1415 et
62 1376 138 1415 dicatur
159 1376 247 1415 officium
260 1376 283 1414 de
296 1376 460 1424 Annuntiatione,
474 1380 555 1426 excepta
569 1375 637 1415 ultima
651 1376 711 1426 septi-

34 1457 91 1484 mana
99 1450 179 1496 propter
195 1445 270 1484 Laudes
284 1445 373 1495 proprias
388 1446 488 1494 tertarum,
509 1450 528 1484 et
541 1445 595 1495 quod
614 1445 634 1484 in
655 1446 710 1484 omni

34 1515 94 1554 missa
107 1515 191 1554 solemni
204 1516 228 1553 de
244 1515 329 1553 Domina
341 1515 396 1553 omni
413 1521 503 1564 tempore
520 1515 597 1553 dicatur
610 1516 677 1554 Gloria
689 1516 710 1554 in

33 1585 117 1623 excelsis.
133 1584 155 1622 Et
167 1584 208 1622 haee
219 1583 239 1622 in
254 1584 295 1623 suis
307 1584 356 1623 locis
373 1584 393 1622 in
409 1584 502 1634 praedicto
512 1584 599 1623 Ordinali
612 1585 708 1624 locentur.

59 1665 78 1704 9.
90 1653 188 1692 Prioribus
201 1665 283 1703 quoque
301 1653 453 1703 provincialibus
466 1654 503 1692 sub
511 1664 570 1703 poena
579 1654 709 1703 depositionis

34 1722 58 1760 ab
67 1722 132 1761 officio
142 1722 229 1761 districte
241 1723 360 1761 mandamus
378 1727 401 1761 ut
418 1722 492 1761 dictum
505 1722 599 1761 Ordinale
614 1734 649 1773 per
665 1735 710 1762 con·
734 1727 736 1731 ’

34 1797 104 1831 ventus
113 1803 194 1831 suarum
204 1792 349 1842 provinciarum
365 1792 493 1841 multiplicare
505 1791 577 1831 iaciant
591 1798 610 1831 et
626 1792 650 1831 ad
666 1794 709 1842 eJ'us

34 1848 191 1899 observationem
202 1872 250 1900 suos
260 1861 351 1899 subditos
368 1865 440 1910 cogant
458 1861 560 1899 efficaciter
572 1866 591 1898 et
603 1861 705 1900 inducant.

34 1929 221 1979 Etpriorgeneralis
236 1930 321 1979 priorem
342 1930 482 1979 provincialem
503 1930 581 1980 Angliae
601 1932 625 1968 ab
643 1931 709 1969 officio

35 1999 185 2047 provincialatus
202 2005 292 2038 teneatur
305 2000 415 2044 absolvere,
433 1999 448 2037 si
467 2011 501 2049 per
513 2000 556 2050 ejus
569 2000 710 2050 negligentiam

55 2124 118 2167 (¹)Sic‚
129 2124 190 2158 nescio
206 2124 251 2169 qnid
262 2125 291 2159 sit.

55 2182 73 2226 (²)
88 2183 230 2228 Palaeouydorus
247 2192 298 2218 notat
310 2184 418 2218 Ordiualen
431 2185 519 2228 Magistro
538 2183 611 2218 Siberto
625 2185 647 2217 de
660 2185 710 2217 Belia

35 2249 137 2276 correctum
146 2252 168 2276 ex
178 2241 294 2277 ordinatione
300 2241 374 2286 capituli
379 2242 493 2277 Coloniensis
500 2243 546 2278 Ab.
557 2242 599 2277 1315
610 2254 641 2287 per
651 2251 710 2277 totum

36 2297 124 2334 Ordinem
141 2301 226 2335 diffusum
239 2311 291 2344 esse3
306 2301 339 2335 sed
353 2312 385 2345 per
394 2302 444 2335 hunc
456 2301 517 2335 locum
529 2300 587 2345 liquet
596 2301 655 2346 ipsum
673 2303 710 2347 jam

37 2366 89 2391 flmea
96 2359 135 2393 scil.
147 2359 226 2393 Loudini
243 2361 265 2393 A.
275 2361 296 2393 D.
309 2361 352 2394 1312
362 2361 484 2404 approbatum
494 2370 538 2394 esse.
548 2361 615 2394 Totum
622 2360 710 2395 Ordinule

38 2417 172 2463 quamprimum
182 2418 302 2464 publicijuris
312 2419 392 2453 facturus
400 2429 446 2453 sum.
