1616 2703
269 105 352 134 PRIORUM
363 105 483 135 GENERALIUM
677 109 713 146 241

38 179 138 232 pontificis
151 180 231 218 matrimi
247 181 362 219 auctoritate
373 179 404 232 (t)
423 182 481 230 cujus
493 193 573 221 summa
587 183 716 222 familiaritate

38 251 137 294 utebatur,
148 249 232 288 vicarius
250 251 345 300 generalis
365 251 469 290 institutus
481 257 517 296 est,
534 257 553 289 et
565 264 617 290 anno
634 255 714 292 evoluto

38 320 90 370 apud
98 321 206 358 Astensetn
221 321 319 358 civitatem
335 321 442 370 provinciae
451 321 572 360 lombardiae
585 323 670 371 capitulo
680 335 715 373 ge-

38 389 97 428 nerali
109 394 230 439 congregato
239 401 278 438 qua
287 390 352 439 potuit
359 390 430 428 virtute
440 391 575 439 generalatum
584 392 668 441 adeptus
676 399 713 430 est.

38 460 76 504 Qri
91 470 146 497 more
158 470 200 497 suae
211 460 277 508 gentis
292 460 336 498 licet
345 460 389 498 aeris
401 460 543 509 cupidissimus
558 467 611 499 esset
627 462 715 500 occasio-

38 540 62 567 rte
71 528 127 577 cujus
136 529 270 577 generalatum
282 529 365 567 ambivit
377 529 442 578 inepte
449 530 496 568 satis
508 530 594 579 agendo,
605 532 680 579 proluit
688 536 715 569 ta·

38 610 84 637 men
101 598 171 636 Ordini
194 609 229 647 per
250 598 348 637 accidens.
371 600 419 637 Nam
437 599 494 637 dictae
511 600 647 639 familiaritatis
667 612 713 639 cum

38 668 90 706 dicto
103 667 195 717 pontifice
203 669 277 706 tatione
289 669 345 706 Mare
355 681 444 719 arrogarim
454 669 600 719 privilegiorum
612 672 632 722 at
650 671 713 714 i'azdrrl·

58 811 86 853 (Ι)
98 811 125 843 Ex
134 809 198 843 eodem
216 818 291 843 auctore
301 810 366 843 Baleus
377 811 411 843 lrac
427 810 477 844 dere
489 810 584 854 sequentia
594 811 648 844 citat:
661 811 711 853 (Fol.

37 869 81 912 85b)
92 870 146 901 Anno
158 869 232 901 Domini
247 870 289 910 1482
299 869 318 901 in
330 869 377 902 sesto
391 871 506 902 Pentecostes
525 869 559 902 fuit
573 870 622 912 apud
634 869 711 902 Avinio-

36 938 77 961 nem
90 928 202 960 celebratum
214 928 298 970 generale
310 928 409 971 capitulum
423 939 459 972 quo
472 928 492 960 in
503 929 544 961 loco
562 928 615 961 ntulti
627 929 711 961 decesse-

37 995 79 1019 runt
91 987 113 1019 ab
125 986 215 1026 humanis,
225 994 275 1029 peste
285 986 352 1019 ibidem
366 986 443 1029 vigente,
457 998 492 1030 qua
501 986 555 1019 etiam
566 994 672 1029 tempestate
685 986 711 1019 vi-

36 1044 75 1088 guit
86 1044 141 1077 fames
153 1045 249 1083 nimione,
259 1044 334 1087 vinique
347 1045 411 1077 raritas
423 1045 533 1087 permaxima
546 1045 594 1087 apud
608 1044 710 1085 Franciam5

37 1103 160 1146 Burgundioni
173 1111 190 1135 et
200 1111 259 1145 partes
271 1103 381 1146 adjacentes¹
400 1102 437 1136 Ubi
450 1111 525 1145 propter
534 1104 627 1135 decessum
646 1103 711 1135 imme-

36 1161 105 1194 diatum
118 1161 200 1205 Magistri
215 1160 345 1204 Citristophori
356 1161 460 1204 Martignon
472 1161 493 1193 de
502 1162 569 1201 Brixia,
582 1161 641 1204 patria
654 1163 710 1194 Lom-

36 1219 103 1252 bardiae
115 1219 150 1253 fuit
162 1231 171 1252 a
184 1219 248 1263 majori
260 1228 278 1252 et
289 1220 357 1252 saniori
367 1229 417 1262 parte
430 1219 486 1252 immo
494 1231 539 1263 pene
549 1221 571 1252 ab
581 1220 667 1253 omnibus
679 1221 712 1252 eli-

35 1277 119 1329 gentibps
134 1278 152 1311 in
164 1279 268 1321 generalem
288 1286 360 1311 creatus
373 1278 541 1312 Reverendissimus
554 1278 643 1321 Magister
654 1278 709 1311 frater

36 1337 111 1370 Pontius
124 1337 235 1381 Raymundi,
247 1345 292 1370 tunc
305 1337 421 1380 provincialis
434 1336 532 1380 provinciae
546 1336 653 1376 Provinciae,
666 1348 709 1370 con·

34 1404 99 1428 ventus
108 1395 198 1438 Aquensis
210 1395 291 1437 eiusdem
310 1395 387 1428 civitatis
400 1395 448 1428 filius
460 1395 492 1439 qui
511 1395 565 1427 etiam
578 1404 653 1438 propter
672 1396 711 1439 ejus

35 1453 151 1497 magnificam
168 1454 234 1486 famam
247 1454 381 1497 praeclarasque
393 1454 474 1487 scientiae
487 1463 505 1487 et
517 1454 618 1496 prooemia.
631 1455 667 1487 suae
678 1455 711 1487 do·

34 1521 61 1544 tes
73 1520 114 1555 post
126 1512 252 1545 immediatum
265 1512 335 1545 obitum
349 1512 373 1556 pii
386 1513 441 1556 patris
453 1521 470 1545 et
482 1512 566 1553 Magistri
578 1513 667 1545 Johannis
677 1514 711 1545 So-

34 1571 75 1603 reth
87 1572 135 1614 ¹apud
147 1571 248 1613 capitulum
260 1571 365 1603 Astensein
382 1572 485 1614 generalem
499 1571 557 1603 lucrat
569 1571 643 1603 electus.
660 1572 709 1603 Huic

33 1638 94 1662 tamen
115 1629 199 1662 electioni
215 1629 329 1662 contravenit
341 1630 386 1662 Sixti
399 1630 423 1662 IV
437 1631 489 1672 l‘apae
507 1629 557 1662 favor
569 1629 600 1671 qui
614 1629 709 1672 prolatum

34 1687 186 1732 Christophorum
197 1696 239 1721 tunc
251 1698 387 1731 procuratorem
400 1688 419 1720 in
432 1688 481 1721 curia
490 1688 546 1731 repri
559 1688 658 1720 mandavit.
667 1688 709 1729 Quo

33 1746 137 1780 factumest
148 1755 169 1779 ut
182 1747 258 1780 Pontius
270 1747 350 1780 intrusus
360 1746 476 1790 fueritquum
489 1755 579 1789 receptus,
591 1746 636 1779 licet
648 1755 709 1779 tamen

33 1805 143 1848 procedente
155 1814 238 1848 tempore
255 1814 329 1849 propter
341 1805 484 1838 familiaritatem
498 1816 539 1838 cum
555 1805 604 1838 dicto
622 1804 709 1848 pontifice

30 1872 145 1902 ,contractam
171 1863 237 1897 Ordini
268 1865 358 1907 profuerit
380 1875 418 1896 non
441 1863 518 1904 modice,
543 1864 593 1897 Mare
620 1874 709 1906 magnum

33 1922 169 1966 privilegiorum
189 1931 243 1966 atque
264 1922 426 1966 indulgentiarum,
451 1923 500 1955 tituli
523 1922 580 1955 nostri
603 1922 715 1961 roboratio-v

33 1991 82 2021 nem,
93 1989 110 2014 et
123 1981 217 2013 Catixnnae
230 1981 364 2014 revocationem
383 1980 503 2024 adquirendo.
516 1981 540 2013 Et
553 1979 594 2013 vide
607 1981 656 2023 quod
667 1980 708 2012 Six-

33 2047 62 2073 tus
74 2040 111 2083 ipse
121 2040 171 2082 prius
183 2039 242 2073 extitit
253 2040 286 2084 qui
295 2040 395 2073 electiones
409 2040 483 2073 Ordinis
495 2039 555 2082 fregit.
569 2040 656 2084 Ejusdem
677 2049 709 2071 ve-

33 2109 53 2131 ro
65 2098 211 2132 reverendissimi
224 2099 308 2143 lllagistri
318 2099 379 2132 Pontii
388 2108 470 2142 tempore
483 2099 559 2141 adeptus
567 2107 593 2131 est
601 2099 650 2130 Ordo
660 2099 709 2140 apud

34 2157 102 2191 Urbem
115 2164 227 2191 conventum
237 2168 304 2191 novum
317 2158 376 2190 beatae
395 2156 458 2189 Mariae
467 2156 608 2199 Transpontinae
620 2167 658 2188 non
668 2155 707 2188 sine

34 2215 117 2259 Magistri
126 2215 211 2259 praedicti
223 2216 286 2249 Pontii
302 2216 393 2259 generalis
402 2214 488 2259 gravibus
499 2214 605 2254 sudoribus,
624 2214 708 2257 seniique

32 2273 160 2307 incommodis,
171 2275 256 2315 Quorum
273 2275 356 2307 omnium
365 2274 415 2307 testis
426 2285 466 2307 sum
479 2273 510 2317 qui
522 2273 562 2313 boec
574 2272 637 2306 notavi
661 2272 709 2315 ejus-

33 2332 110 2376 demque
125 2332 271 2367 reverendissimi
284 2332 341 2376 patris
353 2332 401 2366 vices
414 2331 507 2366 secretarii
522 2331 643 2375 quadrIennio
656 2341 708 2364 exer-

33 2401 68 2424 cut.

620 2464 636 2491 td
