1616 2703
76 47 114 95 3²8
315 57 317 59 ·
337 53 513 87 411111014τ1011εεέ

38 135 41 147 ²
76 130 119 168 loco
132 130 183 168 dicto
201 131 316 169 Chesterton
330 130 354 168 ab
370 129 419 169 urbe
434 132 493 179 paulo
508 138 593 179 remoto,
612 143 665 170 anno
685 142 749 183 1249;

76 198 265 249 Oxoniensis41253
283 200 313 237 vel
329 199 419 247 sequenti
436 211 496 244 anno,
515 199 644 238 Eboracensis
665 210 714 249 1255
733 205 752 238 et

75 268 156 305 tandem
173 268 298 307 Nervicensis
315 266 372 318 1256.
385 268 481 318 Deinceps
499 269 552 307 nulla
570 269 660 308 fundatio
675 280 753 307 memo-

77 341 130 375 ratur
141 348 206 385 usque
215 337 239 375 ad
250 348 326 376 annum
342 336 398 386 1267,
412 338 428 375 si
438 338 521 387 excipias
533 343 654 376 conventum
662 338 753 387 Bridpor-

77 411 154 444 teusem
166 407 186 444 in
198 407 293 446 comitatu
305 408 425 454 Dorsetensi‚
442 408 475 456 qui
488 407 537 445 circa
551 418 636 446 annum
647 406 695 458 1263
711 419 750 446 ere-

79 479 130 518 ctus,
144 475 181 512 sed
196 474 245 513 1268
257 476 328 514 iterum
344 476 448 514 derelictus
460 477 503 515 luit.
516 477 576 522 Quod
584 487 640 525 ergo
652 477 676 514 ad
685 477 751 514 funda·

78 543 289 583 tiones'conventuum
299 545 375 590 attinet,
386 545 431 583 anni
447 556 495 596 ¹247
508 556 572 595 usque
589 544 638 594 1256
646 545 693 584 satis
708 557 751 595 pro-

78 614 130 661 speri
143 619 204 658 erant,
222 614 270 662 1256
282 626 347 663 usque
362 613 410 664 1267
423 626 469 653 vero
482 614 587 653 macilenti.

86 705 89 708 -
105 683 184 720 Interim
194 683 277 721 diversae
289 687 362 721 exortae
370 688 418 722 sunt
429 683 554 722 difficultates
562 694 646 733 quarum
660 683 754 722 memoria

78 753 97 790 in
109 753 251 801 diplomatibus
263 752 368 801 pontificiis
386 753 476 791 habetur.
492 753 618 791 Innocentius
629 753 654 792 lV
668 764 703 802 per
712 754 756 792 bul-

78 823 116 859 lam
137 822 201 859 datam
220 822 316 870 Anagniae
333 820 358 859 26
379 822 466 871 Augusti
487 832 536 871 1254
557 822 644 860 rescribit
662 822 755 871 episcopo

79 890 149 931 Eliensi
159 891 178 928 in
191 891 247 940 cujus
260 891 348 935 dioecesi,
359 902 430 940 nempe
440 891 577 941 Cantabrigiae,
587 892 695 940 capitulum
711 891 757 930 Car-

79 962 190 998 melitarum
203 961 322 999 celebratum
335 960 397 999 fuisse
408 961 493 1006 videtur,
507 972 528 998 se
540 961 657 999 confirmare
675 972 756 999 conces-

80 1029 156 1068 sionem
169 1031 259 1068 locorum
270 1029 399 1081 Aylesfordiae
408 1034 427 1068 et
437 1029 520 1068 londini
529 1030 599 1068 factam
608 1041 642 1079 per
650 1029 755 1068 dominum

80 1099 184 1138 Ricardum
193 1101 244 1150 Grey
251 1105 270 1137 et
282 1111 365 1139 uxorem
373 1100 423 1150 ejus,
434 1110 446 1137 <r
453 1099 545 1149 quocirca
551 1099 667 1138 fraternitati
674 1104 714 1138 tuae
721 1109 759 1150 per

80 1169 188 1218 apostolica
197 1169 269 1218 scripta
281 1169 400 1207 mandamus
413 1174 511 1217 quatenus
525 1168 580 1217 ipsos
592 1168 615 1217 (i.
632 1181 649 1206 e.
665 1169 757 1207 eremitas

81 1239 105 1277 de
115 1244 184 1278 monte
193 1238 286 1290 Carmeli)
296 1250 336 1278 non
346 1239 449 1288 permittas
460 1243 528 1277 contra
533 1238 691 1277 confirmationis
700 1243 757 1277 teno-

81 1320 121 1346 rem
140 1320 200 1357 super
216 1309 239 1347 iis
251 1308 275 1346 ab
287 1309 386 1357 aliquibus
398 1308 484 1346 indebite
498 1308 605 1346 molestari.
619 1308 756 1346 Molestatores

80 1378 195 1429 hujusmodi
208 1389 242 1428 per
254 1366 358 1433 censuram
375 1377 523 1416 ecclesiasticam
536 1376 667 1428 appellatione
675 1382 757 1427 postpo-

80 1448 116 1486 sita
128 1440 274 1497 compescendo
287 1448 318 1499 (1)
329 1459 348 1486 a.
362 1448 413 1486 Nota
428 1447 459 1486 hic
469 1448 524 1496 ipsos
535 1447 632 1486 terminos
645 1458 697 1496 quos
708 1447 755 1485 San-

80 1517 135 1557 vicus
146 1517 173 1555 ait
185 1528 255 1567 papam
268 1516 389 1556 adhibuisse.

106 1588 159 1626 ldem
174 1587 264 1636 pontifex
278 1599 289 1638 9
308 1586 361 1635 Sept.
376 1586 465 1637 ejusdem
483 1585 529 1624 anni
546 1585 645 1635 rescripsit
662 1585 755 1635 episcopo

80 1657 207 1702 Londinensi⁷
223 1661 245 1695 ut
257 1656 371 1694 Carmelitas
386 1656 410 1694 ad
425 1656 488 1705 ipsius
500 1655 601 1694 dioecesim
612 1656 707 1694 divertere
720 1666 754 1693 cu·

81 1727 164 1776 pientes,
181 1731 203 1765 ut
215 1726 288 1764 ibidem
300 1726 392 1764 insistant
406 1725 478 1764 divinis
492 1725 591 1770 laudibus,
605 1725 629 1762 ab
641 1724 754 1764 incursibus

81 1796 215 1845 quorumlibet
224 1797 370 1835 malefactorum
383 1800 472 1846 protegat
484 1800 503 1833 et
512 1793 624 1846 defendat(
638 1794 654 1847 ).

106 1868 177 1905 Praeter
188 1866 273 1915 pericula
285 1866 309 1904 ab
324 1866 433 1903 extrinseco
445 1865 526 1903 aderant
538 1864 596 1903 etiam
612 1864 715 1903 discordiae
728 1865 752 1903 ab

79 1936 193 1975 intrinseco.
205 1936 354 1985 Argumentum
365 1946 424 1973 sumo
436 1933 524 1973 elitteris
537 1933 649 1984 pontificiis.

87 2015 89 2018 ·
105 2007 156 2045 idem
173 2005 300 2044 innocentius
316 2015 341 2054 27
358 2004 411 2054 Sept.
430 2015 480 2055 ¹250
491 2004 590 2043 concessit
604 2002 715 2043 Carmelitis
731 2003 757 2043 ut-

100 2165 122 2207 (rl
136 2164 204 2198 Bullar.
215 2165 229 2206 Ι,
240 2164 266 2197 13.
277 2162 430 2197 Ibidemerronee
442 2161 550 2196 diciturdat.
561 2172 584 2205 24
592 2161 676 2206 Augusti.

101 2225 123 2267 (a)
138 2224 158 2256 L.
172 2233 187 2256 c.
200 2223 214 2256 Ι.
230 2233 257 2264 14.
