1631 2703
97 96 141 148 114²>
330 152 331 155 Ἴ
345 111 505 140 cousnrurreues

162 215 224 257 Ruan.
240 216 296 253 XLV.
308 215 339 253 ‘Da
351 217 501 255 conrimmom
515 216 693 260 Cousrrrurrouun„

119 323 263 379 Quaecumque
281 338 346 369 autem
367 337 437 369 statuta
454 331 550 381 praedictis
567 331 645 369 statutis
665 331 760 369 contraria

94 400 124 435 uel
136 399 171 436 alia
183 399 201 436 in
214 400 373 448 quibuscumque
385 400 473 448 capitulis
487 399 589 448 praeteritis
601 400 688 437 ordinata
706 398 760 447 peni-

93 472 126 504 tus
136 478 252 510 revocamus
263 473 282 506 et
295 468 397 516 praesentia
412 472 484 506 statuta
502 459 649 512 confirmamus,
662 467 760 516 prioribus

94 536 389 585 provincialibuspraecipientes
401 548 435 584 per
447 536 578 574 obedientiam
591 537 694 574 salutarem
707 535 760 583 quod
784 520 786 525 Α

95 603 114 641 in
126 595 208 653 singulis
220 605 349 643 conventibus
361 615 441 642 suarum
454 604 600 653 provinciarum
607 591 653 642 istas
665 603 761 642 constitu-

94 664 159 710 tiones
178 672 251 710 seriose
273 673 343 710 iaciant
368 672 458 711 innovari
476 672 568 710 omnibus
592 672 633 710 aliis
657 669 759 716 revocatis,

95 740 169 789 priores
181 741 319 778 conventuales
329 740 364 778 sibi
377 740 466 778 subditos
476 740 499 777 ad
511 751 577 776 earum
590 726 698 778 custodiam
708 740 728 777 in
740 751 761 777 se

94 808 142 857 ipsis
150 799 172 846 et
183 808 203 846 in
215 808 256 847 suis
268 808 352 847 subditis
361 819 395 856 per
403 819 538 856 quascumque
551 807 676 856 poenitentias
687 808 761 846 ordinis

94 880 220 922 coarctantes,
239 877 276 913 sub
294 887 352 924 poena
372 875 502 924 depositionis
520 875 577 912 officii
597 880 616 912 et
628 876 685 913 etiam
698 876 761 924 culpae
787 870 788 873 '

95 943 193 993 gravioris
199 932 299 992 prioribus
313 934 464 992 provincialibus
477 943 496 980 in
512 944 548 980 hoc
558 943 702 992 negligentibus
712 943 761 981 inili-

94 1012 166 1060 genda.
277 1055 279 1058 ¹

119 1080 227 1129 Expliciunt
243 1071 394 1118 constitutiones
411 1079 488 1123 ¹ordinis
504 1071 565 1116 beatae
577 1079 641 1117 Mariae
659 1079 682 1117 de
693 1080 760 1126 Monte

94 1148 177 1186 Carmeli
189 1148 282 1186 ordinatae
294 1138 313 1185 et
324 1153 414 1185 correctae
432 1139 465 1195 per
479 1147 614 1185 Reverendum
631 1139 705 1184 Patrem
717 1149 761 1185 Fra-

94 1221 144 1253 trem
152 1206 248 1263 ]oannem
260 1216 283 1253 de
295 1216 360 1253 Alerio
372 1226 431 1253 sacrae
439 1215 545 1264 theologiae
553 1215 654 1253 doctorem
667 1215 761 1264 priorem-

95 1295 133 1332 que
141 1284 252 1332 generalem
262 1283 347 1332 praedicti
356 1283 430 1320 ordinis
441 1294 465 1320 ex
476 1274 616 1320 commissione
625 1283 660 1321 sibi
668 1284 715 1320 iacta
727 1294 761 1331 per
810 1288 811 1291 ’

95 1351 209 1389 diffinitores
221 1344 299 1400 capituli
311 1351 415 1400 generalis.
642 1376 644 1379 -
665 1375 668 1378 -
690 1375 692 1378 -

147 1420 206 1456 Anno
217 1419 295 1457 Domini
306 1419 435 1466 MCCCXXlllJ
456 1414 567 1457 Barcinonae
578 1419 675 1457 celebrati.
683 1418 708 1469 (1)

253 1489 275 1526 Et
286 1488 381 1537 incipiunt
393 1488 474 1526 rubricae
488 1488 601 1526 earundem.

157 1556 206 1605 (Fol.
220 1555 267 1608 37b)
275 1556 376 1607 (Sequitur
385 1557 441 1594 index
453 1557 583 1604 rubricarum)
594 1555 643 1606 (Ροὶ.
656 1555 707 1607 3821)

211 1669 213 1673 ,
373 1626 483 1674 (infinez)

93 1694 202 1744 Expliciunt
224 1695 308 1748 rubricae!
326 1694 495 1732 Constitutionum
515 1696 596 1732 fratrum
608 1694 683 1733 ordinis
697 1694 760 1731 Beatae

230 1752 232 1755 ⁵
278 1763 343 1801 Mariae
359 1763 384 1800 de
400 1764 467 1800 Monte
483 1763 573 1801 Carmeli.

106 1910 126 1952 (tl
134 1897 367 1949 Celebratu‘mffiarcelona)
375 1907 428 1940 indie
436 1908 759 1950 Pentecosresquaeerardiesarunii,

380 2128 475 2249 aaa
