1616 2703
105 70 144 112 252
338 88 339 91 =
357 68 410 102 nater
421 68 532 102 caratoou's

103 158 180 192 manas,
193 147 345 186 constitutiones
356 147 436 186 Ordinis
450 153 470 186 et
481 147 505 185 de
515 145 580 186 Mariae
589 146 729 196 Conceptione.
743 146 779 185 At-

102 228 141 265 que
153 217 199 255 vitae
210 217 341 255 sanctimonia
353 217 384 266 pie
399 229 478 267 semper
495 217 598 266 proficiens
612 217 693 255 demum
705 216 778 255 Tholo-

102 297 129 323 sae
141 285 277 335 gratissimum
290 286 331 323 Deo
343 285 433 335 spiritum
446 286 524 324 obtulit.

132 366 162 402 14.
176 355 259 393 Sanctus
271 355 338 393 Petrus
350 355 375 392 de
388 355 450 400 Ensis,
464 354 570 404 provinciae
577 354 689 403 Aquitaniae
700 355 778 392 theolo-

102 430 147 473 gus,
161 424 247 462 doctoris
259 423 351 473 insigniis
363 424 439 462 Parisiis
447 425 539 471 donatus,
552 422 698 462 lemovicarum
710 434 778 462 cceno·

103 493 129 531 bii
139 493 175 536 vir,
185 494 272 542 optimus
281 499 299 531 et
308 493 360 531 idem
369 494 498 532 doctissimus
510 494 585 532 diversa
593 493 613 531 in
620 492 730 531 Sententias
737 493 778 530 edi-

103 562 131 600 dit
142 562 252 607 volumina,
266 562 459 611 declamationesque
473 563 497 600 ad
508 563 605 612 principes
617 567 636 600 et
649 562 784 612 magistratus,

102 642 143 669 non
152 630 278 680 inelegantes‚
291 636 350 679 atque
359 631 379 669 in
389 631 468 670 Politica
478 631 673 670 Aristotelis-Primo
681 632 777 681 generalis

100 700 153 749 prior
170 700 249 749 eligitur
265 702 289 738 A.
305 700 329 738 D.
344 712 395 750 '¹330
407 701 427 738 in
443 700 559 739 Valencenis
570 704 590 738 et
603 700 708 738 duodecim
720 701 778 739 annis

100 770 186 818 praefuit.
199 769 332 817 Temporibus
348 780 395 808 vero
404 769 499 817 johannis
512 760 567 819 papae
581 780 617 818 pro
631 769 670 807 fide
684 770 778 808 catholica

100 839 161 876 multa
174 850 280 887 perpessus
293 843 329 877 est.
346 838 420 877 Deinde
432 850 466 887 per
483 838 612 877 benedictum
626 839 655 877 Xll
669 838 747 877 tristitia
757 838 777 876 in

98 907 193 957 gaudium
206 918 268 956 versa,
277 919 363 956 expensa
375 907 451 946 infracti
463 908 523 946 animi
538 908 558 945 in
568 908 655 946 adversis
667 908 778 946 constantia

100 976 228 1015 Vasionensis
237 977 325 1015 ecclesiae
334 978 406 1026 praesul
418 978 552 1016 constituitur.
566 978 651 1016 Demum
665 982 710 1026 post
722 978 777 1015 hunc

98 1047 191 1085 Clemens
203 1047 226 1084 Vl
247 1046 432 1097 Hierosolymorum
448 1046 599 1103 patriarchatum
612 1047 694 1085 addidit.
710 1047 777 1096 Atque

98 1114 164 1166 (cum)
181 1116 207 1153 ita
228 1120 336 1164 utrumque
360 1127 434 1153 munus
445 1121 489 1154 tum
505 1118 598 1165 praeclare
618 1123 661 1154 tum
673 1116 777 1164 diligenter

98 1185 176 1233 egregie
187 1185 278 1233 gesserit,
291 1186 371 1223 tandem
391 1186 510 1234 disponente
530 1185 571 1224 Deo
592 1185 691 1224 miraculis
712 1186 776 1223 clarus

98 1254 183 1292 Vasione
195 1255 270 1302 quierit
281 1255 301 1291 in
313 1255 399 1293 Domino
410 1255 434 1292 A.
448 1256 471 1293 D.
486 1256 542 1305 1348,
557 1259 626 1304 quarta
638 1255 669 1292 die
680 1255 775 1304 Augusti.

129 1334 159 1372 15.
170 1324 392 1374 PetrusRaymundide
401 1325 480 1368 Crassa,
492 1324 599 1373 provinciae
610 1324 716 1369 Narbonae,
730 1336 777 1362 con-

98 1398 170 1431 ventus
182 1392 266 1431 Tarsacii
278 1395 316 1441 (r),
334 1394 404 1431 doctor
414 1393 534 1439 parisiensis,
550 1394 580 1431 vir
592 1399 663 1442 praeter
675 1405 775 1432 summam

99 1462 230 1500 eruditionem
238 1462 295 1499 etiam
304 1462 399 1510 optimus,
407 1462 513 1513 A.D.1342
522 1462 614 1512 Lugduni
626 1463 727 1501 Generalis
739 1464 777 1500 ele-

99 1537 143 1569 ctus
152 1531 244 1569 omnium
252 1543 299 1569 voce
314 1531 493 1581 duobusexceptis,
505 1533 717 1570 adhucbachalaureus
731 1533 774 1570 fuit.

99 1601 134 1638 Hic
146 1600 225 1639 Ordinis
233 1601 366 1650 gubernacula
381 1601 494 1649 quindecim
511 1607 599 1640 annoset
617 1601 740 1639 dimidiatum
748 1605 777 1639 te·

100 1681 149 1708 nens
157 1682 236 1708 summa
244 1681 289 1708 cum
299 1670 448 1708 laudeoffrcium
457 1671 613 1715 administrabat,
622 1673 685 1720 largas
692 1670 777 1709 etinuti-

101 1741 129 1778 les
136 1751 215 1789 semper
223 1740 296 1778 vitabat
302 1740 411 1789 impensas,
423 1740 460 1778 sibi
467 1740 551 1778 nimium
559 1752 636 1790 parcus,
645 1740 664 1778 in
672 1741 720 1778 alios
733 1740 776 1790 qui-

101 1810 146 1847 dem
167 1810 258 1847 liberalis.
280 1809 382 1847 Creditum
395 1810 552 1847 sibiaDomino
572 1811 668 1848 talentum
690 1810 775 1848 multum

100 1891 146 1917 cum
162 1880 240 1917 foenore
255 1879 367 1928 reportavit.
381 1878 429 1916 Tam
442 1880 537 1928 expositae
548 1885 588 1917 erat
606 1879 742 1918 familiaritatis
754 1884 776 1917 ut

99 1960 273 1997 quorumcumque
292 1949 373 1986 fratrum
394 1948 452 1986 etiam
468 1954 654 1998 quantumcumque
670 1949 775 1987 humilium

99 2029 169 2056 causas
181 2030 241 2066 quam
254 2017 345 2066 expedite
363 2017 475 2064 absolverit,
489 2018 583 2056 omnibus
599 2018 666 2056 omnia
677 2020 741 2056 factus
755 2023 777 2056 ut

101 2098 172 2125 omnes
184 2087 304 2125 lucrifaceret
313 2085 399 2124 Christo.
413 2086 531 2125 Convocatis
543 2092 602 2136 atque
615 2089 674 2136 longa
689 2088 777 2125 oratione

102 2156 231 2194 commonitis
242 2155 335 2194 fratribus
343 2155 363 2192 in
372 2155 547 2205 Montepessulano
559 2161 643 2194 mortem
657 2156 693 2194 sibi
703 2157 723 2194 in
733 2156 777 2195 fori-

124 2302 145 2340 (1l
163 2302 254 2336 Alumnus
266 2311 366 2337 conventus
380 2303 537 2338 Carcassonensis.
555 2303 642 2348 Suspicor
655 2304 729 2338 Baleum
745 2303 775 2337 hic

102 2371 177 2395 errasse,
