1631 2703
277 100 382 131 CAPlTULUM
401 101 449 142 1327
666 102 704 144 229

37 170 120 221 pitulum
132 173 151 212 in
163 175 336 225 Montepessulano
348 177 382 216 ubi
397 177 416 216 in
429 178 494 216 locum
506 177 603 217 Guidonis
618 178 642 216 ad
664 178 705 228 epi-

37 240 139 292 scopatum
148 245 295 294 Maioricensem
305 247 401 296 assumpti
416 248 489 286 electus
501 251 531 285 est
539 248 706 296 magisterJ0har1-

37 322 72 349 nes
83 312 107 349 de
117 313 187 358 Alerio,
200 319 248 353 tunc
257 316 327 353 absens
341 315 424 355 Parisiis.
437 316 457 354 ln
469 317 507 354 hoc
515 317 600 365 capitulo
615 317 645 355 cui
655 328 705 366 prae-

37 380 296 430 luitJolrannesdeClarano
307 384 536 434 divisaesuntprovinciae
550 378 618 424 Siciliae
630 391 648 423 et
659 387 705 424 l'ro-

36 450 104 489 vinciae
121 463 154 500 per
168 453 285 491 erectionem
301 454 445 503 provinciarum
459 455 555 493 Narbonae
570 459 589 492 et
601 456 702 504 Appuliae;

35 519 122 559 instituta
134 522 198 560 studia
207 523 303 572 generalia
311 523 409 568 Bononiae,
419 522 506 561 Coloniae
515 529 534 561 et
539 524 634 571 Londini;
653 528 703 562 teste

36 590 174 641 Palaeonydoro
186 592 234 630 lacta
242 597 271 630 est
277 592 350 630 additio
357 592 381 629 ad
389 592 494 631 Rubricam
503 593 522 630 lll
529 592 703 637 constitutionum,

36 663 58 696 ut
69 660 217 705 frerentoctavae
229 661 253 698 de
263 662 349 710 Corpore
356 661 434 704 Christi,
447 662 520 700 festum
532 662 555 699 lX
564 661 671 700 lectionum
681 662 704 700 de

36 729 107 767 sanctis
116 741 200 778 quorum
211 741 292 779 corpora
302 730 321 767 in
331 730 460 768 conventibus
472 731 545 769 nostris
555 730 666 779 quiescunt,
680 731 703 768 de

36 799 108 837 sanctis
119 810 204 847 quorum
222 800 302 837 nomina
317 799 337 838 in
349 811 425 838 canone
445 799 511 837 missae
525 800 628 845 habentur,
641 812 663 839 ac
680 800 704 838 de

37 866 70 906 SS.
81 868 184 917 Apollonia
193 873 212 907 et
223 869 304 907 Barbara
319 866 328 919 (
342 871 357 918 ).

63 937 83 975 ln
97 938 187 986 sequenti
199 938 283 987 capitulo
296 938 409 975 Barcinonae
426 938 522 975 celebrato
538 938 650 977 ordinatum
668 939 704 977 luit

38 1007 91 1055 quod
98 1007 153 1045 Salve
158 1007 333 1056 Reginadiceretur
341 1007 361 1044 in
369 1007 409 1044 fine
418 1008 508 1045 omnium
519 1009 618 1051 horarum,
625 1008 704 1057 etquod

37 1076 101 1114 Gloria
108 1076 127 1114 in
134 1076 214 1115 excelsis
226 1077 245 1114 in
255 1076 348 1114 omnibus
359 1076 424 1114 missis
433 1076 495 1114 beatae
505 1076 591 1125 Virginis
599 1077 700 1115 diceretur.

36 1146 82 1183 ltem
97 1146 151 1194 quod
165 1145 184 1182 in
201 1145 296 1195 principio
309 1145 386 1194 capituli
403 1145 499 1195 generalis
516 1150 625 1183 cantaretur
641 1146 702 1184 missa

37 1215 61 1252 de
72 1215 144 1264 Spiritu
159 1215 229 1253 Sancto
245 1219 264 1252 et
275 1215 330 1252 fieret
342 1226 414 1253 sermo.
430 1215 476 1252 ltem
490 1215 544 1263 quod
557 1216 626 1253 iratres
641 1215 702 1252 clerici

36 1295 101 1323 annue
117 1284 202 1322 dicerent
214 1283 283 1332 viginti
299 1283 396 1332 psalteria,
409 1283 451 1321 laici
469 1295 516 1321 vero
531 1283 566 1322 tria
582 1284 633 1322 milia
650 1285 704 1322 Pater

36 1358 102 1392 noster
111 1364 146 1402 pro
153 1353 242 1391 iratribus
252 1356 271 1390 et
278 1352 434 1391 benefactoribus
446 1352 520 1390 ordinis
529 1353 634 1391 defunctis.
642 1353 703 1391 Etiam

36 1423 89 1471 quod
98 1423 158 1460 semel
170 1421 189 1459 in
198 1421 320 1459 hebdomada
331 1433 365 1470 per
373 1422 487 1459 Adventum
496 1422 565 1460 fierent
574 1422 597 1460 lX
609 1422 703 1470 lectiones

35 1493 59 1530 de
68 1492 123 1530 beata
132 1491 218 1540 Virgine,
228 1491 276 1529 dum
289 1491 363 1529 Laudes
373 1502 414 1529 non
427 1492 545 1541 impedirent
556 1490 565 1542 (
579 1491 594 1543 ).

61 1561 158 1599 lndiculus
169 1560 232 1598 adhuc
244 1564 348 1608 sequentes
358 1561 437 1598 notitias
451 1561 542 1599 exbibet:

62 1629 117 1668 Tunc
126 1630 147 1677 (i.
157 1642 174 1667 e.
184 1629 203 1667 in
215 1629 299 1677 capitulo
309 1629 455 1680 barcinonensi)
460 1630 567 1678 capitulum
575 1629 703 1678 sequenstuit

35 1700 157 1749 assignatum
164 1698 291 1736 Avenionein
299 1698 660 1746 provinciaProuinciae,sedlohannes
670 1697 703 1748 (de

37 1768 109 1819 Alerio)
121 1767 204 1806 mutavit
211 1767 235 1804 ad
243 1766 320 1804 Albium
330 1767 349 1804 in
356 1767 456 1815 provincia
464 1767 581 1816 Aquitaniae.
595 1768 641 1805 ltem
654 1778 703 1818 1327

36 1839 56 1876 in
65 1838 178 1875 Pentecoste
189 1835 208 1874 in
218 1835 281 1880 Albia,
292 1839 311 1872 et
319 1832 404 1884 sequens
416 1836 523 1885 capitulum
535 1836 647 1885 Brugisiuit
658 1837 704 1875 assi-

35 1914 124 1957 gnatum,
135 1906 169 1944 sed
181 1904 369 1951 mutavitlohannes
381 1905 405 1942 'ad
414 1905 542 1944 Valencenas.

58 2006 86 2048 (1)
94 2006 151 2048 Supra
162 2004 183 2036 P.
193 2004 221 2036 26.
232 2001 382 2044 Palaeonydorus,
391 2002 403 2036 l.
412 2014 427 2036 c.
436 2003 456 2035 Ρ.
469 2004 501 2036 263
512 2014 530 2037 n.
546 2004 596 2036 1086.
606 2003 645 2036 Nisi
657 2003 704 2036 forte

38 2057 123 2092 erraverit
132 2056 247 2090 attribuendo
257 2055 304 2089 istud
313 2055 405 2088 decretum
413 2055 492 2098 capitulo
500 2066 548 2088 anno
558 2056 597 2088 1321
612 2056 704 2089 celebrato

37 2111 90 2145 sicuti
101 2110 155 2144 etiam
163 2109 230 2142 erravit
238 2109 314 2143 dicendo
324 2109 343 2141 in
355 2107 433 2150 capitulo
447 2108 574 2151 burdegalensi
581 2108 645 2150 (1318)
656 2108 705 2141 addi-

37 2173 64 2198 tas
71 2164 126 2197 fuisse
133 2162 235 2206 provincias
242 2163 339 2203 Narbonae,
352 2160 435 2204 Appuliae
447 2168 464 2193 et
476 2162 547 2200 Scoriae,
558 2171 635 2203 quarum
642 2171 703 2193 revera

38 2218 105 2262 priores
113 2224 183 2249 tamum
195 2214 214 2248 in
221 2214 301 2258 capitulo
310 2213 518 2256 lllontispessulani1321
527 2220 590 2246 erectae
599 2221 648 2253 sunt,
661 2214 704 2245 Sco-

38 2272 63 2304 tia
80 2280 123 2303 vero
133 2269 200 2302 ibidem
219 2268 237 2301 in
246 2267 331 2302 vicariam
346 2266 428 2300 instituta
442 2274 474 2299 est.
490 2265 517 2300 Cf.
537 2267 613 2308 Lezana,
625 2266 703 2299 Annales

37 2324 116 2366 mmo

57 2384 86 2427 (1)
97 2383 109 2415 l.
119 2392 134 2415 c.
148 2383 166 2415 Ρ.
180 2381 218 2416 zoa.
