1616 2703
85 63 123 113 308
353 65 500 98 annotationes

84 146 186 198 speciatim
198 135 239 195 agit
247 143 284 196 (t).
296 144 389 182 Similiter
398 143 418 181 in
430 140 530 181 breviariis
542 139 621 178 Ordinis
633 144 751 190 tummanu

85 216 162 266 scriptis
179 220 223 254 tum
238 213 341 262 impressis
360 212 418 251 annis
433 213 488 261 1480,
507 220 564 262 1490,
584 219 641 260 1495,
657 218 706 258 1504
723 206 759 244 &e

85 285 167 336 legenda
176 289 217 323 tota
229 283 278 322 circa
290 283 396 321 Graculum
409 286 505 320 versatur.

112 353 215 393 Remansit
225 359 292 391 tamen
305 352 375 390 titulus
392 350 482 389 Doctoris
494 348 583 387 Ecclesiae
594 358 635 397 quo
647 345 760 394 Capitulum

86 424 177 473 generale
188 433 234 460 eum
247 420 352 460 decoravit.
367 420 464 465 Quamvis
477 418 529 457 enim
546 417 566 456 in
578 416 693 458 missalibus
704 413 762 452 Ordi-

86 494 117 535 nis
134 503 197 544 usque
213 491 237 530 ad
255 490 361 530 editionem
379 500 432 528 anno
456 499 505 538 1574
517 488 587 525 iactam
601 485 661 524 inissa
677 483 704 523 Os
711 483 763 534 justi

87 564 130 613 ejus
153 563 203 600 festo
222 560 341 609 assignetur,
359 564 426 597 tamen
440 557 556 596 Kalendaria
573 556 624 595 sicut
646 562 666 592 et
686 552 762 592 rubrica

89 631 173 671 missalis
192 630 263 681 Cyrillo
286 628 377 668 Doctoris
395 628 475 666 titulum
490 626 607 673 attribuunt,
617 624 651 674 qui
665 623 723 662 etiam
741 621 761 660 in

89 700 158 739 Officio
170 699 293 750 exprimitur,
304 711 322 737 e.
336 710 357 748 g.
374 697 393 736 in
406 698 483 748 hymno
495 696 518 734 ad
530 696 641 745 Vesperas:

284 800 352 831 Doctor
362 797 443 841 Cyrillus
454 796 517 830 floruit

283 857 350 900 Magno
359 855 432 889 vivente
441 854 530 895 inachim,

283 916 339 959 Cujus
349 923 392 948 aetas
401 925 439 948 non
450 914 520 947 corruit

281 974 317 1007 Sed
327 973 379 1007 bonis
389 972 446 1007 crevit
455 972 530 1006 diaetim.

118 1061 149 1100 Ad
161 1060 311 1111 justificandum
328 1060 409 1099 titulum
430 1060 491 1098 istum
508 1060 575 1109 plures
593 1064 683 1098 auctores
703 1057 763 1096 vitam

91 1131 110 1169 S.
124 1131 190 1181 Cyrilli
202 1130 325 1168 scribendam
342 1134 479 1179 susceperunt,
493 1128 565 1167 scilicet
573 1128 673 1177 Johannes
683 1128 763 1166 Kenton

90 1201 162 1250 anglus
181 1197 216 1252 (†
239 1198 298 1251 1468)
320 1199 354 1248 qui
377 1199 479 1249 «scripsit
501 1199 561 1252 vitam
582 1198 602 1236 S.
612 1197 678 1249 Cyrilli
702 1208 718 1236 i.
736 1198 764 1235 l.»

90 1270 183 1309 Nicolaus
194 1269 281 1308 Simonis
298 1269 430 1307 Harlemensis
452 1267 487 1321 (†
505 1268 575 1320 151¹)‘·
587 1279 599 1307 <t
618 1268 698 1317 Scripsit
721 1267 764 1305 Divi

91 1339 157 1390 Cyrilli
168 1339 228 1377 vitam
242 1350 258 1377 1.
276 1340 289 1377 l.
302 1338 361 1388 lncip.
380 1338 454 1377 Graecia
468 1343 544 1387 septem
557 1338 616 1376 habet
628 1337 764 1388 provincias.»

90 1407 168 1447 Bestius
180 1408 214 1457 qui
227 1419 261 1458 per
280 1408 369 1457 quinque
383 1407 467 1457 capitula
479 1407 557 1456 deeius
574 1407 613 1446 vita
621 1412 692 1447 tractat
702 1405 734 1457 (2)
745 1418 767 1445 ac

91 1479 173 1527 insuper
184 1489 263 1516 carmen
284 1478 304 1516 in
328 1478 425 1516 honorem
444 1477 487 1527 ejus
515 1477 628 1527 composuit
653 1477 765 1527 incipiens:

92 1559 104 1586 <r
112 1548 163 1586 inter
171 1547 300 1586 Christicolos
311 1559 331 1586 a.
338 1546 436 1585 Similiter
445 1547 515 1586 beatus
523 1547 609 1596 baptista
617 1548 737 1586 Mantuanus
746 1546 766 1585 in

91 1618 196 1655 Fastorum
215 1617 265 1655 libro
284 1616 357 1665 tertio;
370 1617 532 1668 Palaeonydorus,
545 1616 625 1662 lezana,
636 1616 737 1667 Philippus
756 1629 766 1654 a

91 1686 125 1725 SS.
140 1685 235 1724 Trinitate
246 1685 318 1736 aliique
330 1697 370 1725 non
382 1686 440 1736 pauci
452 1686 541 1725 bostium
553 1698 575 1725 ac
586 1686 688 1725 Simonem
705 1687 766 1725 secuti

92 1761 146 1795 sunt.
165 1756 188 1794 Hi
202 1766 249 1794 vero
262 1757 316 1794 nullo
326 1756 366 1795 nisi
378 1756 515 1801 fundamento,
533 1757 628 1806 nulloque
645 1757 766 1795 documento

92 1826 180 1864 adhibito
192 1838 203 1863 e
215 1825 294 1875 proprio
309 1826 390 1875 ingenio
402 1831 529 1865 asseruerunt
540 1827 683 1876 quodcumque
695 1826 766 1877 Cy-rillo

93 1895 225 1934 honorificum
236 1896 339 1944 putabant.

114 1965 215 2013 Johannes
226 1965 294 2004 Grossi
304 1965 381 2015 primus
390 1966 427 2004 fuit
439 1966 473 2016 qui
482 1966 576 2017 Cyrillum
594 1978 681 2017 graecum
693 1967 767 2006 diceret

91 2035 156 2084 (quod
176 2035 256 2085 quidem
277 2035 360 2074 minime
376 2035 505 2085 improbabile
521 2035 559 2087 est)
578 2036 710 2086 3praelauda-ti
733 2049 768 2076 au-

92 2109 156 2144 ctores
176 2105 314 2155 Megarensem
336 2110 434 2153 asserunt,
447 2117 470 2144 ac
483 2106 685 2155 quibusparentibus
708 2111 767 2146 natus

93 2174 125 2220 sit,
142 2174 180 2214 sub
196 2174 269 2224 quibus
285 2175 393 2225 ,magistris
416 2175 505 2221 edoctus,
527 2175 616 2224 ubinam,
628 2188 700 2227 nempe
715 2177 769 2216 Con·

113 2306 142 2352 (1)
155 2308 229 2352 Specul.
239 2308 318 2343 Carmel.
329 2309 343 2351 l,
355 2309 394 2350 138,
403 2319 421 2343 n.
433 2309 475 2354 5983
487 2309 525 2354 137,
536 2320 554 2342 n.
568 2284 612 2351 590,

113 2366 143 2410 (a)
156 2367 229 2411 Specul.
238 2368 318 2401 Carmel.
328 2368 350 2408 Il,
362 2368 395 2402 285
405 2379 445 2413 sqq.
