<?xml version="1.0" encoding="UTF-8"?>
<!DOCTYPE html PUBLIC "-//W3C//DTD XHTML 1.0 Transitional//EN"
    "http://www.w3.org/TR/xhtml1/DTD/xhtml1-transitional.dtd">
<html xmlns="http://www.w3.org/1999/xhtml" xml:lang="en" lang="en">
 <head>
  <title>
</title>
<meta http-equiv="Content-Type" content="text/html;charset=utf-8" />
  <meta name='ocr-system' content='tesseract 3.04.00' />
  <meta name='ocr-capabilities' content='ocr_page ocr_carea ocr_par ocr_line ocrx_word'/>
</head>
<body>
  <div class='ocr_page' id='page_1' title='image "MN5087ucmf_2_0039.png"; bbox 0 0 1631 2703; ppageno 0'>
   <div class='ocr_carea' id='block_1_1' title="bbox 297 128 710 164">
    <p class='ocr_par' dir='ltr' id='par_1_1' title="bbox 297 128 710 164">
     <span class='ocr_line' id='line_1_1' title="bbox 297 128 710 164; baseline 0 -7"><span class='ocrx_word' id='word_1_1' title='bbox 297 130 299 132; x_wconf 84' lang='lat'>&#39;</span> <span class='ocrx_word' id='word_1_2' title='bbox 319 128 399 158; x_wconf 81' lang='lat' dir='ltr'>RUBRlCA</span> <span class='ocrx_word' id='word_1_3' title='bbox 413 129 425 157; x_wconf 95' lang='lat' dir='ltr'>ll</span> <span class='ocrx_word' id='word_1_4' title='bbox 446 130 454 140; x_wconf 80' lang='grc'>’·</span> <span class='ocrx_word' id='word_1_5' title='bbox 684 129 710 164; x_wconf 70' lang='lat'>23</span> 
     </span>
    </p>
   </div>
   <div class='ocr_carea' id='block_1_2' title="bbox 33 202 714 2415">
    <p class='ocr_par' dir='ltr' id='par_1_2' title="bbox 33 202 710 316">
     <span class='ocr_line' id='line_1_2' title="bbox 33 202 710 255; baseline -0.003 -10"><span class='ocrx_word' id='word_1_6' title='bbox 33 205 184 255; x_wconf 76' lang='lat' dir='ltr'>aliqua‘summa</span> <span class='ocrx_word' id='word_1_7' title='bbox 193 202 281 253; x_wconf 81' lang='lat' dir='ltr'>pecuniae</span> <span class='ocrx_word' id='word_1_8' title='bbox 292 215 327 253; x_wconf 88' lang='lat' dir='ltr'>pro</span> <span class='ocrx_word' id='word_1_9' title='bbox 336 203 401 253; x_wconf 86' lang='lat' dir='ltr'>aliquo</span> <span class='ocrx_word' id='word_1_10' title='bbox 414 208 539 253; x_wconf 84' lang='lat' dir='ltr'>certoopere</span> <span class='ocrx_word' id='word_1_11' title='bbox 550 204 582 242; x_wconf 84' lang='lat' dir='ltr'>vel</span> <span class='ocrx_word' id='word_1_12' title='bbox 595 203 710 243; x_wconf 82' lang='lat' dir='ltr'>fabricatri-</span> 
     </span>
     <span class='ocr_line' id='line_1_3' title="bbox 34 275 609 316; baseline -0.01 0"><span class='ocrx_word' id='word_1_13' title='bbox 34 277 112 316; x_wconf 85' lang='lat' dir='ltr'>buatur.</span> <span class='ocrx_word' id='word_1_14' title='bbox 355 275 358 278; x_wconf 77' lang='grc'><strong>“</strong></span> <span class='ocrx_word' id='word_1_15' title='bbox 455 276 457 278; x_wconf 79' lang='grc'>’</span> <span class='ocrx_word' id='word_1_16' title='bbox 485 276 487 279; x_wconf 86' lang='grc'><strong>“</strong></span> <span class='ocrx_word' id='word_1_17' title='bbox 606 276 609 280; x_wconf 88' lang='grc'><strong>’</strong></span> 
     </span>
    </p>

    <p class='ocr_par' dir='ltr' id='par_1_3' title="bbox 34 342 711 741">
     <span class='ocr_line' id='line_1_4' title="bbox 64 342 710 393; baseline -0.003 -10"><span class='ocrx_word' id='word_1_18' title='bbox 64 356 93 383; x_wconf 89' lang='lat'>12.</span> <span class='ocrx_word' id='word_1_19' title='bbox 104 344 123 381; x_wconf 92' lang='lat' dir='ltr'>ln</span> <span class='ocrx_word' id='word_1_20' title='bbox 135 343 221 392; x_wconf 86' lang='lat' dir='ltr'>qualibet</span> <span class='ocrx_word' id='word_1_21' title='bbox 233 348 299 381; x_wconf 86' lang='lat' dir='ltr'>autem</span> <span class='ocrx_word' id='word_1_22' title='bbox 316 343 417 393; x_wconf 88' lang='lat' dir='ltr'>provincia</span> <span class='ocrx_word' id='word_1_23' title='bbox 428 347 468 381; x_wconf 89' lang='lat' dir='ltr'>tres</span> <span class='ocrx_word' id='word_1_24' title='bbox 481 344 556 391; x_wconf 84' lang='lat' dir='ltr'>tratres,</span> <span class='ocrx_word' id='word_1_25' title='bbox 570 342 603 392; x_wconf 92' lang='lat' dir='ltr'>qui</span> <span class='ocrx_word' id='word_1_26' title='bbox 613 389 614 392; x_wconf 11' lang='grc' dir='ltr'><strong>Ἴ</strong></span> <span class='ocrx_word' id='word_1_27' title='bbox 624 342 710 381; x_wconf 84' lang='lat' dir='ltr'>habeant</span> 
     </span>
     <span class='ocr_line' id='line_1_5' title="bbox 34 402 711 462; baseline -0.004 -9"><span class='ocrx_word' id='word_1_28' title='bbox 34 413 150 454; x_wconf 80' lang='lat' dir='ltr'>industriam</span> <span class='ocrx_word' id='word_1_29' title='bbox 169 412 273 450; x_wconf 90' lang='lat' dir='ltr'>ordinandi</span> <span class='ocrx_word' id='word_1_30' title='bbox 293 423 352 461; x_wconf 90' lang='lat' dir='ltr'>opera</span> <span class='ocrx_word' id='word_1_31' title='bbox 364 413 459 457; x_wconf 81' lang='lat' dir='ltr'>facienda,</span> <span class='ocrx_word' id='word_1_32' title='bbox 473 423 506 461; x_wconf 87' lang='lat' dir='ltr'>per</span> <span class='ocrx_word' id='word_1_33' title='bbox 526 412 612 462; x_wconf 85' lang='lat' dir='ltr'>priorem</span> <span class='ocrx_word' id='word_1_34' title='bbox 630 402 711 462; x_wconf 66' lang='lat' dir='ltr'>prouin-</span> 
     </span>
     <span class='ocr_line' id='line_1_6' title="bbox 34 476 711 532; baseline -0.006 -8"><span class='ocrx_word' id='word_1_35' title='bbox 34 485 101 524; x_wconf 79' lang='lat' dir='ltr'>cIalem</span> <span class='ocrx_word' id='word_1_36' title='bbox 116 487 135 521; x_wconf 86' lang='lat' dir='ltr'>et</span> <span class='ocrx_word' id='word_1_37' title='bbox 146 482 263 521; x_wconf 83' lang='lat' dir='ltr'>diffinitores</span> <span class='ocrx_word' id='word_1_38' title='bbox 274 482 354 532; x_wconf 85' lang='lat' dir='ltr'>capituli</span> <span class='ocrx_word' id='word_1_39' title='bbox 366 482 490 532; x_wconf 87' lang='lat' dir='ltr'>provincialis</span> <span class='ocrx_word' id='word_1_40' title='bbox 500 482 623 531; x_wconf 71' lang='lat' dir='ltr'>ordinentur,</span> <span class='ocrx_word' id='word_1_41' title='bbox 631 476 656 520; x_wconf 87' lang='lat' dir='ltr'>de</span> <span class='ocrx_word' id='word_1_42' title='bbox 663 488 711 532; x_wconf 92' lang='lat' dir='ltr'>quo-</span> 
     </span>
     <span class='ocr_line' id='line_1_7' title="bbox 35 551 709 605; baseline -0.003 -13"><span class='ocrx_word' id='word_1_43' title='bbox 35 566 77 593; x_wconf 92' lang='lat' dir='ltr'>rum</span> <span class='ocrx_word' id='word_1_44' title='bbox 87 554 169 590; x_wconf 82' lang='lat' dir='ltr'>fratrum</span> <span class='ocrx_word' id='word_1_45' title='bbox 181 552 264 590; x_wconf 89' lang='lat' dir='ltr'>consilio</span> <span class='ocrx_word' id='word_1_46' title='bbox 277 557 296 589; x_wconf 83' lang='lat' dir='ltr'>et</span> <span class='ocrx_word' id='word_1_47' title='bbox 309 563 393 590; x_wconf 81' lang='lat' dir='ltr'>assensu</span> <span class='ocrx_word' id='word_1_48' title='bbox 406 563 457 590; x_wconf 88' lang='lat' dir='ltr'>nova</span> <span class='ocrx_word' id='word_1_49' title='bbox 469 553 514 605; x_wconf 83' lang='lat' dir='ltr'>loca¹</span> <span class='ocrx_word' id='word_1_50' title='bbox 520 553 556 603; x_wconf 78' lang='lat' dir='ltr'>uel·</span> <span class='ocrx_word' id='word_1_51' title='bbox 567 551 650 605; x_wconf 62' lang='lat' dir='ltr'>&gt;antiqua</span> <span class='ocrx_word' id='word_1_52' title='bbox 668 563 709 590; x_wconf 92' lang='lat' dir='ltr'>non</span> 
     </span>
     <span class='ocr_line' id='line_1_8' title="bbox 34 610 711 672; baseline -0.004 -9"><span class='ocrx_word' id='word_1_53' title='bbox 34 617 122 663; x_wconf 85' lang='lat' dir='ltr'>ordinata</span> <span class='ocrx_word' id='word_1_54' title='bbox 139 627 158 660; x_wconf 92' lang='lat' dir='ltr'>et</span> <span class='ocrx_word' id='word_1_55' title='bbox 173 610 232 671; x_wconf 86' lang='lat' dir='ltr'>opera</span> <span class='ocrx_word' id='word_1_56' title='bbox 244 611 378 672; x_wconf 79' lang='lat' dir='ltr'>quaecumque</span> <span class='ocrx_word' id='word_1_57' title='bbox 396 610 489 660; x_wconf 81' lang='lat' dir='ltr'>notabilia</span> <span class='ocrx_word' id='word_1_58' title='bbox 500 611 618 667; x_wconf 77' lang='lat' dir='ltr'>ordinentur</span> <span class='ocrx_word' id='word_1_59' title='bbox 630 626 650 660; x_wconf 89' lang='lat' dir='ltr'>et</span> <span class='ocrx_word' id='word_1_60' title='bbox 661 621 711 660; x_wconf 83' lang='lat' dir='ltr'>aedi·</span> 
     </span>
     <span class='ocr_line' id='line_1_9' title="bbox 34 681 702 741; baseline 0.001 -10"><span class='ocrx_word' id='word_1_61' title='bbox 34 694 76 732; x_wconf 81' lang='lat' dir='ltr'>ficia</span> <span class='ocrx_word' id='word_1_62' title='bbox 86 696 205 741; x_wconf 86' lang='lat' dir='ltr'>sumptuosa</span> <span class='ocrx_word' id='word_1_63' title='bbox 217 697 308 741; x_wconf 87' lang='lat' dir='ltr'>perpetua</span> <span class='ocrx_word' id='word_1_64' title='bbox 320 691 438 730; x_wconf 86' lang='lat' dir='ltr'>inchoentur</span> <span class='ocrx_word' id='word_1_65' title='bbox 450 697 468 730; x_wconf 93' lang='lat' dir='ltr'>et</span> <span class='ocrx_word' id='word_1_66' title='bbox 479 681 608 731; x_wconf 82' lang='lat' dir='ltr'>aedificentur.</span> <span class='ocrx_word' id='word_1_67' title='bbox 623 730 625 732; x_wconf 87' lang='lat'>.</span> <span class='ocrx_word' id='word_1_68' title='bbox 644 716 647 720; x_wconf 79' lang='lat'><em>,</em></span> <span class='ocrx_word' id='word_1_69' title='bbox 678 730 682 734; x_wconf 88' lang='grc'>,</span> <span class='ocrx_word' id='word_1_70' title='bbox 700 690 702 693; x_wconf 66' lang='grc'>’</span> 
     </span>
    </p>

    <p class='ocr_par' dir='ltr' id='par_1_4' title="bbox 34 748 712 1299">
     <span class='ocr_line' id='line_1_10' title="bbox 64 748 712 813; baseline -0.003 -13"><span class='ocrx_word' id='word_1_71' title='bbox 64 774 94 812; x_wconf 74' lang='lat'>13.</span> <span class='ocrx_word' id='word_1_72' title='bbox 106 762 188 800; x_wconf 86' lang='lat' dir='ltr'>Nullum</span> <span class='ocrx_word' id='word_1_73' title='bbox 200 765 267 799; x_wconf 87' lang='lat' dir='ltr'>tamen</span> <span class='ocrx_word' id='word_1_74' title='bbox 280 772 332 810; x_wconf 91' lang='lat' dir='ltr'>opus</span> <span class='ocrx_word' id='word_1_75' title='bbox 342 761 428 799; x_wconf 89' lang='lat' dir='ltr'>notabile</span> <span class='ocrx_word' id='word_1_76' title='bbox 440 765 459 799; x_wconf 87' lang='lat' dir='ltr'>et</span> <span class='ocrx_word' id='word_1_77' title='bbox 468 751 611 810; x_wconf 85' lang='lat' dir='ltr'>sumptuosum</span> <span class='ocrx_word' id='word_1_78' title='bbox 619 748 669 813; x_wconf 81' lang='lat' dir='ltr'>(Fol.¹</span> <span class='ocrx_word' id='word_1_79' title='bbox 678 752 712 812; x_wconf 60' lang='lat' dir='ltr'>7a),</span> 
     </span>
     <span class='ocr_line' id='line_1_11' title="bbox 35 820 711 880; baseline -0.003 -10"><span class='ocrx_word' id='word_1_80' title='bbox 35 833 138 870; x_wconf 86' lang='lat' dir='ltr'>inchoetur</span> <span class='ocrx_word' id='word_1_81' title='bbox 150 842 184 880; x_wconf 91' lang='lat' dir='ltr'>per</span> <span class='ocrx_word' id='word_1_82' title='bbox 204 842 360 880; x_wconf 82' lang='lat' dir='ltr'>quemcumque,</span> <span class='ocrx_word' id='word_1_83' title='bbox 375 831 412 869; x_wconf 93' lang='lat' dir='ltr'>nisi</span> <span class='ocrx_word' id='word_1_84' title='bbox 427 831 451 868; x_wconf 91' lang='lat' dir='ltr'>de</span> <span class='ocrx_word' id='word_1_85' title='bbox 470 830 548 868; x_wconf 85' lang='lat' dir='ltr'>licentia</span> <span class='ocrx_word' id='word_1_86' title='bbox 560 820 630 880; x_wconf 87' lang='lat' dir='ltr'>prioris</span> <span class='ocrx_word' id='word_1_87' title='bbox 650 841 711 879; x_wconf 50' lang='lat' dir='ltr'>genef</span> 
     </span>
     <span class='ocr_line' id='line_1_12' title="bbox 35 900 712 950; baseline -0.004 -10"><span class='ocrx_word' id='word_1_88' title='bbox 35 902 79 940; x_wconf 85' lang='lat' dir='ltr'>ralis</span> <span class='ocrx_word' id='word_1_89' title='bbox 91 901 121 939; x_wconf 89' lang='lat' dir='ltr'>vel</span> <span class='ocrx_word' id='word_1_90' title='bbox 133 900 257 950; x_wconf 86' lang='lat' dir='ltr'>provincialis</span> <span class='ocrx_word' id='word_1_91' title='bbox 267 905 286 938; x_wconf 90' lang='lat' dir='ltr'>et</span> <span class='ocrx_word' id='word_1_92' title='bbox 297 901 322 938; x_wconf 86' lang='lat' dir='ltr'>de</span> <span class='ocrx_word' id='word_1_93' title='bbox 337 900 459 939; x_wconf 90' lang='lat' dir='ltr'>ordinatione</span> <span class='ocrx_word' id='word_1_94' title='bbox 476 905 495 937; x_wconf 91' lang='lat' dir='ltr'>et</span> <span class='ocrx_word' id='word_1_95' title='bbox 506 911 595 938; x_wconf 80' lang='lat' dir='ltr'>assensu</span> <span class='ocrx_word' id='word_1_96' title='bbox 607 900 667 938; x_wconf 89' lang='lat' dir='ltr'>trium</span> <span class='ocrx_word' id='word_1_97' title='bbox 677 901 712 938; x_wconf 85' lang='lat' dir='ltr'>tra·</span> 
     </span>
     <span class='ocr_line' id='line_1_13' title="bbox 34 961 710 1020; baseline -0.003 -10"><span class='ocrx_word' id='word_1_98' title='bbox 34 977 87 1010; x_wconf 84' lang='lat' dir='ltr'>trum</span> <span class='ocrx_word' id='word_1_99' title='bbox 99 970 246 1020; x_wconf 84' lang='lat' dir='ltr'>praedictorum.</span> <span class='ocrx_word' id='word_1_100' title='bbox 260 970 334 1009; x_wconf 87' lang='lat' dir='ltr'>Priores</span> <span class='ocrx_word' id='word_1_101' title='bbox 343 961 409 1009; x_wconf 85' lang='lat' dir='ltr'>autern</span> <span class='ocrx_word' id='word_1_102' title='bbox 420 970 540 1008; x_wconf 86' lang='lat' dir='ltr'>contrarium</span> <span class='ocrx_word' id='word_1_103' title='bbox 551 970 643 1008; x_wconf 78' lang='lat' dir='ltr'>iacientes</span> <span class='ocrx_word' id='word_1_104' title='bbox 652 982 663 1008; x_wconf 94' lang='lat' dir='ltr'>a</span> <span class='ocrx_word' id='word_1_105' title='bbox 672 982 710 1009; x_wconf 91' lang='lat' dir='ltr'>suo</span> 
     </span>
     <span class='ocr_line' id='line_1_14' title="bbox 35 1031 711 1090; baseline -0.001 -11"><span class='ocrx_word' id='word_1_106' title='bbox 35 1040 98 1079; x_wconf 86' lang='lat' dir='ltr'>officio</span> <span class='ocrx_word' id='word_1_107' title='bbox 110 1040 239 1079; x_wconf 74' lang='lat' dir='ltr'>absoluentur</span> <span class='ocrx_word' id='word_1_108' title='bbox 247 1045 267 1078; x_wconf 87' lang='lat' dir='ltr'>et</span> <span class='ocrx_word' id='word_1_109' title='bbox 278 1052 337 1090; x_wconf 86' lang='lat' dir='ltr'>poena</span> <span class='ocrx_word' id='word_1_110' title='bbox 349 1040 445 1090; x_wconf 79' lang='lat' dir='ltr'>gravioris</span> <span class='ocrx_word' id='word_1_111' title='bbox 454 1040 516 1089; x_wconf 86' lang='lat' dir='ltr'>culpae</span> <span class='ocrx_word' id='word_1_112' title='bbox 528 1031 602 1089; x_wconf 47' lang='lat' dir='ltr'>per&#39;XL</span> <span class='ocrx_word' id='word_1_113' title='bbox 622 1040 664 1087; x_wconf 86' lang='lat' dir='ltr'>dies</span> <span class='ocrx_word' id='word_1_114' title='bbox 676 1052 711 1090; x_wconf 92' lang='lat' dir='ltr'>pu-</span> 
     </span>
     <span class='ocr_line' id='line_1_15' title="bbox 36 1096 711 1158; baseline -0.001 -10"><span class='ocrx_word' id='word_1_115' title='bbox 36 1110 120 1148; x_wconf 78' lang='lat' dir='ltr'>niantur.</span> <span class='ocrx_word' id='word_1_116' title='bbox 134 1109 152 1148; x_wconf 86' lang='lat' dir='ltr'>Si</span> <span class='ocrx_word' id='word_1_117' title='bbox 165 1097 231 1148; x_wconf 82' lang='lat' dir='ltr'>autem</span> <span class='ocrx_word' id='word_1_118' title='bbox 240 1110 324 1148; x_wconf 88' lang='lat' dir='ltr'>vicarius</span> <span class='ocrx_word' id='word_1_119' title='bbox 336 1110 366 1148; x_wconf 90' lang='lat' dir='ltr'>vel</span> <span class='ocrx_word' id='word_1_120' title='bbox 378 1110 444 1148; x_wconf 87' lang='lat' dir='ltr'>locum</span> <span class='ocrx_word' id='word_1_121' title='bbox 455 1109 524 1158; x_wconf 90' lang='lat' dir='ltr'>prioris</span> <span class='ocrx_word' id='word_1_122' title='bbox 544 1096 614 1148; x_wconf 86' lang='lat' dir='ltr'>tenens</span> <span class='ocrx_word' id='word_1_123' title='bbox 626 1110 657 1147; x_wconf 89' lang='lat' dir='ltr'>vel</span> <span class='ocrx_word' id='word_1_124' title='bbox 668 1099 711 1158; x_wconf 45' lang='lat' dir='ltr'>qui-⁴</span> 
     </span>
     <span class='ocr_line' id='line_1_16' title="bbox 35 1178 711 1229; baseline 0 -12"><span class='ocrx_word' id='word_1_125' title='bbox 35 1191 120 1229; x_wconf 91' lang='lat' dir='ltr'>cumque</span> <span class='ocrx_word' id='word_1_126' title='bbox 128 1179 178 1218; x_wconf 86' lang='lat' dir='ltr'>alius</span> <span class='ocrx_word' id='word_1_127' title='bbox 194 1181 252 1217; x_wconf 85' lang='lat' dir='ltr'>frater</span> <span class='ocrx_word' id='word_1_128' title='bbox 261 1180 281 1217; x_wconf 93' lang='lat' dir='ltr'>in</span> <span class='ocrx_word' id='word_1_129' title='bbox 294 1179 414 1218; x_wconf 82' lang='lat' dir='ltr'>contrarium</span> <span class='ocrx_word' id='word_1_130' title='bbox 433 1178 498 1217; x_wconf 81' lang='lat' dir='ltr'>iecerit</span> <span class='ocrx_word' id='word_1_131' title='bbox 510 1178 574 1217; x_wconf 89' lang='lat' dir='ltr'>eidem</span> <span class='ocrx_word' id='word_1_132' title='bbox 590 1190 656 1229; x_wconf 84' lang='lat' dir='ltr'>poenae</span> <span class='ocrx_word' id='word_1_133' title='bbox 668 1178 711 1218; x_wconf 87' lang='lat' dir='ltr'>sine</span> 
     </span>
     <span class='ocr_line' id='line_1_17' title="bbox 35 1236 611 1299; baseline 0.007 -12"><span class='ocrx_word' id='word_1_134' title='bbox 35 1249 181 1298; x_wconf 84' lang='lat' dir='ltr'>dispensatione</span> <span class='ocrx_word' id='word_1_135' title='bbox 191 1249 308 1299; x_wconf 82' lang='lat' dir='ltr'>subjacebit.</span> <span class='ocrx_word' id='word_1_136' title='bbox 560 1236 562 1240; x_wconf 41' lang='grc'><strong>’</strong></span> <span class='ocrx_word' id='word_1_137' title='bbox 600 1239 611 1291; x_wconf 80' lang='grc' dir='ltr'><strong> </strong></span> 
     </span>
    </p>

    <p class='ocr_par' dir='ltr' id='par_1_5' title="bbox 33 1308 713 1926">
     <span class='ocr_line' id='line_1_18' title="bbox 65 1308 712 1369; baseline -0.002 -12"><span class='ocrx_word' id='word_1_138' title='bbox 65 1329 94 1367; x_wconf 87' lang='lat'>14.</span> <span class='ocrx_word' id='word_1_139' title='bbox 109 1318 208 1357; x_wconf 81' lang='lat' dir='ltr'>Prioribus</span> <span class='ocrx_word' id='word_1_140' title='bbox 219 1323 286 1357; x_wconf 84' lang='lat' dir='ltr'>autem</span> <span class='ocrx_word' id='word_1_141' title='bbox 296 1318 451 1369; x_wconf 88' lang='lat' dir='ltr'>provincialibus</span> <span class='ocrx_word' id='word_1_142' title='bbox 460 1319 490 1357; x_wconf 91' lang='lat' dir='ltr'>vel</span> <span class='ocrx_word' id='word_1_143' title='bbox 502 1308 571 1357; x_wconf 83' lang='lat' dir='ltr'>eorum</span> <span class='ocrx_word' id='word_1_144' title='bbox 583 1311 659 1357; x_wconf 84' lang='lat' dir='ltr'>vicariis</span> <span class='ocrx_word' id='word_1_145' title='bbox 671 1308 712 1358; x_wconf 38' lang='lat' dir='ltr'>dis-⁴</span> 
     </span>
     <span class='ocr_line' id='line_1_19' title="bbox 35 1376 711 1438; baseline 0 -12"><span class='ocrx_word' id='word_1_146' title='bbox 35 1388 90 1427; x_wconf 83' lang='lat' dir='ltr'>triete</span> <span class='ocrx_word' id='word_1_147' title='bbox 99 1389 229 1438; x_wconf 86' lang='lat' dir='ltr'>praecipiendo</span> <span class='ocrx_word' id='word_1_148' title='bbox 237 1389 362 1437; x_wconf 77' lang='lat' dir='ltr'>mandamus,</span> <span class='ocrx_word' id='word_1_149' title='bbox 378 1378 521 1438; x_wconf 31' lang='lat' dir='ltr'>quod&#39;quando</span> <span class='ocrx_word' id='word_1_150' title='bbox 533 1387 639 1438; x_wconf 85' lang='lat' dir='ltr'>contigerit</span> <span class='ocrx_word' id='word_1_151' title='bbox 648 1376 711 1427; x_wconf 88' lang='lat' dir='ltr'>novas</span> 
     </span>
     <span class='ocr_line' id='line_1_20' title="bbox 36 1445 712 1508; baseline -0.001 -12"><span class='ocrx_word' id='word_1_152' title='bbox 36 1458 107 1497; x_wconf 89' lang='lat' dir='ltr'>domus</span> <span class='ocrx_word' id='word_1_153' title='bbox 116 1459 147 1498; x_wconf 91' lang='lat' dir='ltr'>vel</span> <span class='ocrx_word' id='word_1_154' title='bbox 158 1459 205 1497; x_wconf 84' lang='lat' dir='ltr'>alias</span> <span class='ocrx_word' id='word_1_155' title='bbox 217 1458 236 1496; x_wconf 91' lang='lat' dir='ltr'>in</span> <span class='ocrx_word' id='word_1_156' title='bbox 244 1458 285 1497; x_wconf 92' lang='lat' dir='ltr'>suis</span> <span class='ocrx_word' id='word_1_157' title='bbox 292 1458 401 1508; x_wconf 88' lang='lat' dir='ltr'>provinciis</span> <span class='ocrx_word' id='word_1_158' title='bbox 413 1458 520 1497; x_wconf 82' lang='lat' dir='ltr'>existentes</span> <span class='ocrx_word' id='word_1_159' title='bbox 526 1446 638 1507; x_wconf 84' lang='lat' dir='ltr'>aliquorum</span> <span class='ocrx_word' id='word_1_160' title='bbox 646 1445 712 1507; x_wconf 69' lang='lat' dir='ltr'>quaes·⁴</span> 
     </span>
     <span class='ocr_line' id='line_1_21' title="bbox 35 1516 712 1577; baseline -0.001 -11"><span class='ocrx_word' id='word_1_161' title='bbox 35 1527 123 1566; x_wconf 82' lang='lat' dir='ltr'>tionibus</span> <span class='ocrx_word' id='word_1_162' title='bbox 136 1528 247 1576; x_wconf 74' lang='lat' dir='ltr'>molestari,v</span> <span class='ocrx_word' id='word_1_163' title='bbox 257 1533 276 1566; x_wconf 89' lang='lat' dir='ltr'>et</span> <span class='ocrx_word' id='word_1_164' title='bbox 288 1533 367 1577; x_wconf 86' lang='lat' dir='ltr'>propter</span> <span class='ocrx_word' id='word_1_165' title='bbox 379 1532 515 1577; x_wconf 84' lang='lat' dir='ltr'>paupertatem</span> <span class='ocrx_word' id='word_1_166' title='bbox 526 1538 582 1565; x_wconf 86' lang='lat' dir='ltr'>suam</span> <span class='ocrx_word' id='word_1_167' title='bbox 591 1527 671 1576; x_wconf 86' lang='lat' dir='ltr'>proprio</span> <span class='ocrx_word' id='word_1_168' title='bbox 679 1516 712 1565; x_wconf 66' lang='lat' dir='ltr'>adss</span> 
     </span>
     <span class='ocr_line' id='line_1_22' title="bbox 33 1586 712 1652; baseline -0.003 -17"><span class='ocrx_word' id='word_1_169' title='bbox 33 1597 107 1646; x_wconf 86' lang='lat' dir='ltr'>jutorio</span> <span class='ocrx_word' id='word_1_170' title='bbox 119 1598 206 1643; x_wconf 81' lang='lat' dir='ltr'>destitui,</span> <span class='ocrx_word' id='word_1_171' title='bbox 220 1598 244 1636; x_wconf 89' lang='lat' dir='ltr'>de</span> <span class='ocrx_word' id='word_1_172' title='bbox 254 1597 297 1635; x_wconf 88' lang='lat' dir='ltr'>aliis</span> <span class='ocrx_word' id='word_1_173' title='bbox 306 1598 400 1636; x_wconf 89' lang='lat' dir='ltr'>domibus</span> <span class='ocrx_word' id='word_1_174' title='bbox 413 1608 454 1636; x_wconf 88' lang='lat' dir='ltr'>suae</span> <span class='ocrx_word' id='word_1_175' title='bbox 465 1596 573 1646; x_wconf 84' lang='lat' dir='ltr'>provinciae</span> <span class='ocrx_word' id='word_1_176' title='bbox 584 1586 671 1634; x_wconf 83' lang='lat' dir='ltr'>exhiberi</span> <span class='ocrx_word' id='word_1_177' title='bbox 679 1597 712 1652; x_wconf 29' lang='lat' dir='ltr'>:sa-</span> 
     </span>
     <span class='ocr_line' id='line_1_23' title="bbox 36 1666 712 1717; baseline -0.003 -12"><span class='ocrx_word' id='word_1_178' title='bbox 36 1666 88 1705; x_wconf 80' lang='lat' dir='ltr'>ciant</span> <span class='ocrx_word' id='word_1_179' title='bbox 96 1667 190 1706; x_wconf 88' lang='lat' dir='ltr'>domibus</span> <span class='ocrx_word' id='word_1_180' title='bbox 202 1667 317 1717; x_wconf 88' lang='lat' dir='ltr'>hujusmodi</span> <span class='ocrx_word' id='word_1_181' title='bbox 327 1666 439 1705; x_wconf 89' lang='lat' dir='ltr'>subsidium</span> <span class='ocrx_word' id='word_1_182' title='bbox 449 1671 593 1716; x_wconf 87' lang='lat' dir='ltr'>opportunum,</span> <span class='ocrx_word' id='word_1_183' title='bbox 605 1677 712 1715; x_wconf 90' lang='lat' dir='ltr'>quousque</span> 
     </span>
     <span class='ocr_line' id='line_1_24' title="bbox 37 1726 713 1786; baseline -0.003 -11"><span class='ocrx_word' id='word_1_184' title='bbox 37 1737 88 1785; x_wconf 87' lang='lat' dir='ltr'>pacis</span> <span class='ocrx_word' id='word_1_185' title='bbox 97 1737 198 1775; x_wconf 78' lang='lat' dir='ltr'>othneant</span> <span class='ocrx_word' id='word_1_186' title='bbox 207 1726 386 1786; x_wconf 77' lang='lat' dir='ltr'>complementum,</span> <span class='ocrx_word' id='word_1_187' title='bbox 397 1736 434 1775; x_wconf 90' lang='lat' dir='ltr'>sub</span> <span class='ocrx_word' id='word_1_188' title='bbox 445 1747 503 1786; x_wconf 89' lang='lat' dir='ltr'>poena</span> <span class='ocrx_word' id='word_1_189' title='bbox 518 1735 675 1774; x_wconf 83' lang='lat' dir='ltr'>inobedientium</span> <span class='ocrx_word' id='word_1_190' title='bbox 693 1726 713 1774; x_wconf 79' lang='lat' dir='ltr'>et</span> 
     </span>
     <span class='ocr_line' id='line_1_25' title="bbox 37 1805 713 1856; baseline 0 -13"><span class='ocrx_word' id='word_1_191' title='bbox 37 1806 137 1844; x_wconf 85' lang='lat' dir='ltr'>rebellium</span> <span class='ocrx_word' id='word_1_192' title='bbox 147 1810 187 1844; x_wconf 87' lang='lat' dir='ltr'>tam</span> <span class='ocrx_word' id='word_1_193' title='bbox 200 1805 463 1856; x_wconf 84' lang='lat' dir='ltr'>prioribus-provincialibus</span> <span class='ocrx_word' id='word_1_194' title='bbox 472 1817 532 1855; x_wconf 91' lang='lat' dir='ltr'>quam</span> <span class='ocrx_word' id='word_1_195' title='bbox 550 1805 713 1854; x_wconf 85' lang='lat' dir='ltr'>quibuscumque</span> 
     </span>
     <span class='ocr_line' id='line_1_26' title="bbox 37 1865 369 1926; baseline 0.003 -14"><span class='ocrx_word' id='word_1_196' title='bbox 37 1875 78 1924; x_wconf 62' lang='lat' dir='ltr'>ans</span> <span class='ocrx_word' id='word_1_197' title='bbox 89 1876 242 1925; x_wconf 67' lang='lat' dir='ltr'>impedientibus</span> <span class='ocrx_word' id='word_1_198' title='bbox 255 1865 369 1926; x_wconf 74' lang='lat' dir='ltr'>infligenda.</span> 
     </span>
    </p>

    <p class='ocr_par' dir='ltr' id='par_1_6' title="bbox 38 1931 714 2415">
     <span class='ocr_line' id='line_1_27' title="bbox 67 1931 714 1995; baseline 0 -12"><span class='ocrx_word' id='word_1_199' title='bbox 67 1956 96 1995; x_wconf 81' lang='lat'>15·</span> <span class='ocrx_word' id='word_1_200' title='bbox 110 1931 223 1984; x_wconf 87' lang='lat' dir='ltr'>lnhibemus</span> <span class='ocrx_word' id='word_1_201' title='bbox 235 1950 301 1984; x_wconf 87' lang='lat' dir='ltr'>autem</span> <span class='ocrx_word' id='word_1_202' title='bbox 311 1945 330 1983; x_wconf 87' lang='lat' dir='ltr'>in</span> <span class='ocrx_word' id='word_1_203' title='bbox 341 1945 412 1993; x_wconf 83' lang='lat' dir='ltr'>virtute</span> <span class='ocrx_word' id='word_1_204' title='bbox 424 1944 541 1983; x_wconf 80' lang='lat' dir='ltr'>obedientiae</span> <span class='ocrx_word' id='word_1_205' title='bbox 550 1944 648 1990; x_wconf 90' lang='lat' dir='ltr'>salutaris,</span> <span class='ocrx_word' id='word_1_206' title='bbox 659 1944 714 1994; x_wconf 92' lang='lat' dir='ltr'>quod</span> 
     </span>
     <span class='ocr_line' id='line_1_28' title="bbox 38 2004 713 2066; baseline 0 -13"><span class='ocrx_word' id='word_1_207' title='bbox 38 2016 104 2054; x_wconf 92' lang='lat' dir='ltr'>nullus</span> <span class='ocrx_word' id='word_1_208' title='bbox 114 2016 167 2065; x_wconf 92' lang='lat' dir='ltr'>prior</span> <span class='ocrx_word' id='word_1_209' title='bbox 174 2016 240 2054; x_wconf 87' lang='lat' dir='ltr'>localis</span> <span class='ocrx_word' id='word_1_210' title='bbox 248 2017 278 2055; x_wconf 87' lang='lat' dir='ltr'>vel</span> <span class='ocrx_word' id='word_1_211' title='bbox 288 2016 330 2066; x_wconf 88' lang='lat' dir='ltr'>ejus</span> <span class='ocrx_word' id='word_1_212' title='bbox 339 2015 423 2054; x_wconf 87' lang='lat' dir='ltr'>vicarius</span> <span class='ocrx_word' id='word_1_213' title='bbox 432 2026 467 2054; x_wconf 90' lang='lat' dir='ltr'>seu</span> <span class='ocrx_word' id='word_1_214' title='bbox 476 2015 599 2064; x_wconf 83' lang='lat' dir='ltr'>quicumque</span> <span class='ocrx_word' id='word_1_215' title='bbox 608 2014 658 2053; x_wconf 87' lang='lat' dir='ltr'>alius</span> <span class='ocrx_word' id='word_1_216' title='bbox 667 2004 713 2053; x_wconf 64' lang='lat' dir='ltr'>causs</span> 
     </span>
     <span class='ocr_line' id='line_1_29' title="bbox 38 2084 714 2135; baseline 0.001 -14"><span class='ocrx_word' id='word_1_217' title='bbox 38 2095 79 2123; x_wconf 86' lang='lat' dir='ltr'>sam</span> <span class='ocrx_word' id='word_1_218' title='bbox 91 2087 121 2124; x_wconf 91' lang='lat' dir='ltr'>vel</span> <span class='ocrx_word' id='word_1_219' title='bbox 131 2086 260 2135; x_wconf 83' lang='lat' dir='ltr'>quaestionem</span> <span class='ocrx_word' id='word_1_220' title='bbox 271 2085 351 2135; x_wconf 89' lang='lat' dir='ltr'>incipiat</span> <span class='ocrx_word' id='word_1_221' title='bbox 361 2086 403 2123; x_wconf 89' lang='lat' dir='ltr'>sine</span> <span class='ocrx_word' id='word_1_222' title='bbox 415 2085 492 2123; x_wconf 81' lang='lat' dir='ltr'>licentia</span> <span class='ocrx_word' id='word_1_223' title='bbox 501 2089 521 2123; x_wconf 90' lang='lat' dir='ltr'>et</span> <span class='ocrx_word' id='word_1_224' title='bbox 529 2095 613 2123; x_wconf 85' lang='lat' dir='ltr'>assensu</span> <span class='ocrx_word' id='word_1_225' title='bbox 623 2084 653 2123; x_wconf 94' lang='lat' dir='ltr'>sui</span> <span class='ocrx_word' id='word_1_226' title='bbox 663 2084 714 2134; x_wconf 90' lang='lat' dir='ltr'>prio·</span> 
     </span>
     <span class='ocr_line' id='line_1_30' title="bbox 38 2154 714 2205; baseline 0.001 -14"><span class='ocrx_word' id='word_1_227' title='bbox 38 2154 64 2193; x_wconf 92' lang='lat' dir='ltr'>ris</span> <span class='ocrx_word' id='word_1_228' title='bbox 76 2156 199 2205; x_wconf 83' lang='lat' dir='ltr'>provincialis</span> <span class='ocrx_word' id='word_1_229' title='bbox 211 2160 278 2194; x_wconf 88' lang='lat' dir='ltr'>contra</span> <span class='ocrx_word' id='word_1_230' title='bbox 287 2155 385 2205; x_wconf 89' lang='lat' dir='ltr'>principes</span> <span class='ocrx_word' id='word_1_231' title='bbox 397 2156 427 2193; x_wconf 91' lang='lat' dir='ltr'>vel</span> <span class='ocrx_word' id='word_1_232' title='bbox 436 2155 526 2204; x_wconf 85' lang='lat' dir='ltr'>praelatos</span> <span class='ocrx_word' id='word_1_233' title='bbox 536 2155 566 2193; x_wconf 88' lang='lat' dir='ltr'>vel</span> <span class='ocrx_word' id='word_1_234' title='bbox 574 2165 714 2203; x_wconf 90' lang='lat' dir='ltr'>quoscumque</span> 
     </span>
     <span class='ocr_line' id='line_1_31' title="bbox 38 2224 714 2275; baseline 0.001 -14"><span class='ocrx_word' id='word_1_235' title='bbox 38 2224 93 2273; x_wconf 87' lang='lat' dir='ltr'>alios,</span> <span class='ocrx_word' id='word_1_236' title='bbox 107 2225 144 2264; x_wconf 89' lang='lat' dir='ltr'>nisi</span> <span class='ocrx_word' id='word_1_237' title='bbox 153 2226 196 2264; x_wconf 90' lang='lat' dir='ltr'>sine</span> <span class='ocrx_word' id='word_1_238' title='bbox 205 2226 291 2275; x_wconf 83' lang='lat' dir='ltr'>periculo</span> <span class='ocrx_word' id='word_1_239' title='bbox 301 2230 320 2264; x_wconf 89' lang='lat' dir='ltr'>et</span> <span class='ocrx_word' id='word_1_240' title='bbox 329 2224 384 2275; x_wconf 84' lang='lat' dir='ltr'>gravi</span> <span class='ocrx_word' id='word_1_241' title='bbox 392 2225 465 2263; x_wconf 89' lang='lat' dir='ltr'>damno</span> <span class='ocrx_word' id='word_1_242' title='bbox 472 2224 544 2263; x_wconf 86' lang='lat' dir='ltr'>differri</span> <span class='ocrx_word' id='word_1_243' title='bbox 554 2236 594 2263; x_wconf 93' lang='lat' dir='ltr'>non</span> <span class='ocrx_word' id='word_1_244' title='bbox 603 2225 682 2268; x_wconf 84' lang='lat' dir='ltr'>valeret,</span> <span class='ocrx_word' id='word_1_245' title='bbox 690 2228 714 2262; x_wconf 92' lang='lat' dir='ltr'>ut</span> 
     </span>
     <span class='ocr_line' id='line_1_32' title="bbox 38 2293 714 2344; baseline 0.001 -13"><span class='ocrx_word' id='word_1_246' title='bbox 38 2293 54 2330; x_wconf 87' lang='lat' dir='ltr'>si</span> <span class='ocrx_word' id='word_1_247' title='bbox 67 2295 116 2333; x_wconf 82' lang='lat' dir='ltr'>torte</span> <span class='ocrx_word' id='word_1_248' title='bbox 128 2300 180 2333; x_wconf 86' lang='lat' dir='ltr'>esset</span> <span class='ocrx_word' id='word_1_249' title='bbox 199 2295 302 2344; x_wconf 85' lang='lat' dir='ltr'>appellatio</span> <span class='ocrx_word' id='word_1_250' title='bbox 320 2294 406 2333; x_wconf 82' lang='lat' dir='ltr'>facienda</span> <span class='ocrx_word' id='word_1_251' title='bbox 419 2295 449 2333; x_wconf 91' lang='lat' dir='ltr'>vel</span> <span class='ocrx_word' id='word_1_252' title='bbox 464 2294 517 2333; x_wconf 90' lang='lat' dir='ltr'>aliud</span> <span class='ocrx_word' id='word_1_253' title='bbox 536 2293 714 2337; x_wconf 85' lang='lat' dir='ltr'>inchoandumad</span> 
     </span>
     <span class='ocr_line' id='line_1_33' title="bbox 39 2359 714 2415; baseline 0 -14"><span class='ocrx_word' id='word_1_254' title='bbox 39 2359 118 2402; x_wconf 81' lang='lat' dir='ltr'>causam</span> <span class='ocrx_word' id='word_1_255' title='bbox 131 2364 232 2415; x_wconf 86' lang='lat' dir='ltr'>pertinens</span> <span class='ocrx_word' id='word_1_256' title='bbox 242 2364 295 2414; x_wconf 90' lang='lat' dir='ltr'>quod</span> <span class='ocrx_word' id='word_1_257' title='bbox 308 2364 381 2403; x_wconf 83' lang='lat' dir='ltr'>differri</span> <span class='ocrx_word' id='word_1_258' title='bbox 393 2374 433 2402; x_wconf 95' lang='lat' dir='ltr'>non</span> <span class='ocrx_word' id='word_1_259' title='bbox 442 2368 509 2414; x_wconf 86' lang='lat' dir='ltr'>posset</span> <span class='ocrx_word' id='word_1_260' title='bbox 525 2364 565 2403; x_wconf 93' lang='lat' dir='ltr'>ullo</span> <span class='ocrx_word' id='word_1_261' title='bbox 575 2363 643 2402; x_wconf 89' lang='lat' dir='ltr'>modo.</span> <span class='ocrx_word' id='word_1_262' title='bbox 657 2362 714 2402; x_wconf 92' lang='lat' dir='ltr'>Tunc</span> 
     </span>
    </p>
   </div>
   <div class='ocr_carea' id='block_1_3' title="bbox 0 0 827 2703">
    <p class='ocr_par' dir='ltr' id='par_1_7' title="bbox 0 0 827 2703">
     <span class='ocr_line' id='line_1_34' title="bbox 0 0 827 2703; baseline 0 0"><span class='ocrx_word' id='word_1_263' title='bbox 0 0 827 2703; x_wconf 95' lang='lat' dir='ltr'> </span> 
     </span>
    </p>
   </div>
  </div>
 </body>
</html>
