1631 2703
286 90 391 120 cauruiun
407 84 454 131 1278
670 93 708 133 ²¹9

65 164 154 213 Sequens
166 165 273 214 capitulum
286 167 375 205 habitum
388 173 418 205 est
432 168 510 206 Tolosae
520 164 544 205 'in
557 168 607 205 sesto
618 168 710 206 Penteco-

39 238 87 278 stes,
96 234 126 272 die
136 246 160 283 24
170 235 214 284 Maji
227 233 283 284 1265.
292 235 311 274 S.
320 236 387 274 Simon
398 236 458 275 Stock
467 237 514 274 dum
522 236 614 274 Tolosam
622 242 710 285 pergeret

39 303 147 352 Burdigalis
166 304 236 341 morbo
253 311 355 353 correptus
370 305 400 342 die
415 304 436 343 16
448 305 493 353 Maji
509 305 547 342 vita
562 306 706 352 functusera13

39 370 125 420 primum
135 383 183 421 ergo
195 377 214 410 et
226 372 331 421 principale
343 373 445 422 negotium
463 373 541 421 capituli
554 373 590 410 luit
600 373 708 411 nominatio

39 439 68 477 sui
79 440 209 488 successoris3
224 441 296 479 electus
306 447 335 479 est
346 441 438 479 Nicolnus
450 441 542 478 Gallicus.
552 441 602 478 Nota
612 442 666 490 quod
678 441 709 478 hic

38 513 57 546 et
72 508 92 546 in
102 509 230 557 sequentibus
242 509 329 548 Sibertus
341 514 359 547 et
371 509 436 547 Trissa
445 508 564 547 dissentiunt
576 510 625 546 circa
637 520 707 554 annos,

39 577 73 615 sed
82 577 146 615 Trissa
156 577 232 615 videtur
244 577 291 615 mini
301 579 422 627 sequendus.

23 648 25 654 ’
64 646 118 684 Circa
131 646 237 695 capitulum
252 657 305 684 anno
326 645 374 684 1268
390 647 486 684 Messanae
501 646 589 684 habitum
606 645 625 683 in
641 646 709 683 Pente-

38 720 92 752 coste
105 716 139 763 (27
155 716 208 766 lalaji)
222 715 266 752 vide
282 715 380 753 Sibertum
400 715 433 764 qui
445 721 512 752 tamen
528 715 575 753 illud
595 715 614 752 in
634 725 708 751 annum

43 781 91 831 1267
104 784 188 832 reponit.

65 852 139 890 Deinde
151 864 202 890 anno
218 863 263 900 ¹271
278 851 396 902 (secundum
409 853 505 890 Sibertum
522 863 574 889 anno
584 851 710 901 praecedenti)

39 921 115 958 Parisiis
129 921 149 958 in
161 923 211 958 festo
221 921 329 958 Natiuitatis
339 922 359 958 Β.
375 922 440 958 Mariae
450 921 535 970 Virginis
546 923 567 968 (8
580 921 710 970 Septembris)

39 989 190 1027 solemnisatum
203 995 232 1028 est
243 989 350 1038 capitulum
363 990 435 1038 dequo
446 990 597 1040 Palaeonydorus
608 989 709 1037 sequentia

40 1059 109 1096 habet:

66 1139 78 1163 <r
95 1126 244 1174 Consequenter
264 1134 310 1175 post
332 1127 486 1176 resignationem
506 1127 578 1164 Nicolai
600 1127 708 1175 capitulum

39 1196 129 1244 generale
139 1192 175 1233 luit
186 1195 262 1233 Parisiis
274 1195 399 1239 celebratum,
416 1197 528 1244 electusque
544 1196 662 1234 unanimiter
676 1207 709 1244 per

38 1263 121 1311 Spiritus
129 1263 192 1301 Sancti
209 1264 352 1301 invocationem
370 1264 487 1312 Rudolphus
504 1264 611 1301 Alemanus
623 1264 652 1300 vir
666 1263 710 1300 reli-

39 1331 164 1381 giosissimus
174 1332 207 1380 qui
223 1343 291 1370 causas
303 1332 377 1370 ordinis
392 1344 437 1370 cum
450 1332 491 1370 suis
501 1332 585 1371 subditis
597 1332 709 1370 commissis

40 1401 98 1449 digne
108 1400 184 1440 studuit
198 1401 307 1450 gubernare
315 1400 345 1452 (t)
355 1415 374 1440 u.

67 1469 155 1518 Sequens
167 1469 273 1518 capitulum
289 1470 377 1507 habitum
392 1475 422 1508 est
438 1470 551 1519 burdegalis
567 1470 649 1508 infesto
667 1469 710 1518 Epi-

41 1538 117 1588 plraniae
130 1549 181 1576 anno
194 1549 242 1587 1275
253 1539 362 1577 secundum
375 1538 468 1582 Trissam,
482 1538 516 1576 sed
528 1549 580 1576 anno
592 1538 709 1587 praecedenti

40 1607 150 1645 secundum
163 1606 274 1654 Sibertum3
288 1606 329 1655 ipse
338 1607 419 1655 quidem
429 1606 496 1644 scribit
507 1619 517 1644 «
529 1618 582 1644 anno
595 1617 642 1656 1273
653 1607 709 1645 »sed

41 1673 219 1724 notandum'qnod
237 1676 290 1724 apud
306 1676 361 1713 illum
376 1687 440 1714 annus
454 1687 464 1712 a
480 1677 530 1714 sesto
548 1675 710 1714 Annuntiationis

40 1745 118 1783 initium
128 1744 196 1783 sumit.
616 1731 619 1734 ’

68 1813 159 1852 Similiter
171 1813 278 1861 capitulum
290 1812 464 1862 Montispessulani
474 1813 584 1851 secundum
594 1812 680 1851 Trissam
690 1813 709 1850 in

41 1884 160 1927 Pentecoste,
176 1881 248 1930 5Junii
263 1882 309 1920 anni
322 1884 370 1931 1278
383 1883 502 1921 celebratum
515 1887 551 1930 est,
565 1893 610 1920 cum
622 1881 710 1920 Sibertus

40 1963 114 1990 annum
133 1951 284 2000 praecedentem,
301 1951 373 1989 lezana
393 1963 439 1989 vero
456 1962 531 1989 annum
551 1949 600 2000 1276
614 1951 707 1989 indicent.

41 2021 78 2059 Sed
88 2022 129 2058 haec
144 2019 213 2058 ultima
225 2020 291 2068 opinio
307 2019 383 2058 videtur
395 2032 418 2057 ex
430 2032 453 2058 eo
472 2019 516 2058 oriri
533 2020 587 2068 quod
604 2020 675 2057 Lezana
690 2019 709 2057 in

42 2090 83 2129 suis
98 2089 207 2127 Annalibus
222 2100 246 2126 ex
263 2089 342 2126 duobus
354 2088 418 2134 annis,
433 2089 474 2127 scil.
491 2087 540 2136 1276
549 2094 568 2126 et
586 2098 634 2138 1277
645 2099 708 2126 unum

41 2171 116 2197 annum
129 2158 226 2196 conficiat.

65 2299 211 2343 (1)1.c.l>.260‚
224 2309 241 2330 n.
254 2309 304 2341 1074,
