1616 2703
267 107 481 137 mronuuoeaeaauon
670 107 714 147 245

36 185 59 223 D.
70 183 110 222 MS.
124 183 195 222 Selden
204 193 227 231 41
240 182 408 234 ευρ111(0110111κ)
425 182 495 233 partim
506 194 566 221 manu
578 182 641 232 ipsius
652 179 722 226 Balei,m

37 254 107 305 partim
122 253 185 291 alieno
202 254 278 291 calamo
294 253 418 303 conscriptus
434 252 523 291 continet
536 254 592 303 plura
606 253 710 302 opuscula,

36 324 86 361 inter
100 334 145 371 quae
162 324 273 371 catalogum
291 322 378 360 virorum
395 321 500 360 illustrium
516 334 579 371 equo
594 327 710 370 sequentem

36 392 105 431 seriem
122 392 210 430 Priorum
223 391 348 430 Generalium
360 391 455 441 excerpsi,
464 402 542 429 necnon
553 391 626 430 Trissae
640 392 711 429 catalo-

35 472 72 511 gos
84 461 173 499 Priorum
185 461 310 500 Generalium
326 465 345 499 et
359 460 500 510 Magistrorum
514 460 652 499 parisiensium
665 471 709 499 cum

36 530 181 579 supplementis
190 530 285 577 johannis
295 530 360 567 Barret
371 528 493 576 etjohannis
504 528 561 568 Balei.

36 600 56 638 Ε.
67 599 107 637 MS.
121 600 202 643 Cotton,
213 599 270 637 Titus
285 598 309 637 b.
323 599 346 637 X.
359 598 388 646 (in
401 599 477 637 Musaeo
489 598 610 647 Britannico)
623 599 711 637 continet

36 669 145 717 praesertim
158 679 274 717 processum
289 673 357 706 contra
366 668 476 715 iohannem
485 667 589 706 Milverton
601 667 711 717 provincia-

37 738 75 775 lem
88 737 166 787 Angliae
175 736 210 788 (A.
223 738 246 776 D.
263 735 329 786 1464).

35 807 55 845 F.
76 806 115 845 MS.
131 807 159 845 Fr.
178 805 198 845 6.
214 809 239 845 28
258 805 405 858 (Cantabrigiae)
425 805 504 844 exhibet
521 807 624 855 complura
646 806 710 845 officia

35 875 164 914 ecclesiastica
174 887 218 924 quae
229 876 276 914 alias
289 876 342 924 prelo
352 876 498 914 commissurus
507 886 561 914 sum.

61 945 180 994 Sequentem
200 947 318 995 catalogum,
333 945 360 983 uti
373 946 414 995 jam
426 945 494 993 dixi,e
512 945 561 983 serie
579 945 667 984 virorum
688 944 711 982 ii-

35 1014 128 1053 lustrium
140 1014 221 1052 Ordinis
238 1015 257 1052 in
270 1014 310 1052 MS.
329 1014 399 1052 Seiden
413 1025 436 1062 41
455 1025 513 1062 snpra
536 1014 630 1063 excerpsi.
646 1014 674 1052 De
686 1013 710 1051 iis

35 1094 82 1121 vero
92 1095 136 1131 quae
148 1083 197 1121 circa
208 1083 330 1132 antiquiores
340 1083 415 1121 Priores
424 1083 529 1121 Generaies
540 1083 633 1121 dicontur
642 1083 661 1121 in
670 1083 710 1122 fine

36 1153 95 1202 hujus
107 1157 200 1191 tractatus
210 1153 267 1191 latius
279 1157 298 1190 et
310 1164 333 1190 ex
345 1154 435 1201 professo
447 1138 566 1191 disserturus
578 1164 631 1191 sum.

65 1291 81 1318 1.
105 1279 188 1323 Sanctus
208 1280 324 1319 Bertholdus
342 1280 488 1319 lemovicensis
504 1281 618 1330 Aquitanas
637 1292 710 1331 genere

35 1348 153 1386 nobilissimi
170 1349 267 1387 Guidonis
285 1361 295 1386 e
307 1355 365 1399 nepte
378 1350 428 1398 regis
440 1351 545 1399 Hungariae
556 1350 616 1398 tilius,
629 1349 711 1387 Parisio-

35 1430 79 1458 rum
92 1420 112 1457 in
125 1412 178 1458 sacra
191 1420 262 1470 pagina
272 1421 347 1468 doctor,
359 1420 438 1459 scientia
447 1426 465 1459 et
477 1420 523 1458 vitae
533 1420 634 1459 sanctitate
645 1419 712 1458 claris-

35 1490 105 1533 simus,
119 1496 166 1539 post
177 1490 227 1528 bella
238 1491 258 1528 in
270 1490 376 1528 Saracenos
388 1495 408 1528 et
419 1495 465 1539 post
477 1491 529 1539 piam
541 1490 634 1528 Adamari
646 1489 710 1528 fratris

36 1559 66 1597 sui
78 1559 178 1598 Podiensis
191 1559 277 1609 episcopi
293 1560 440 1598 defunctionem
457 1561 480 1597 Α.
494 1560 517 1598 D.
534 1571 583 1611 1099
596 1560 615 1597 in
626 1559 710 1598 Carmeli

36 1629 110 1667 montis
123 1630 243 1667 monasterio
256 1629 371 1679 religionem
382 1630 468 1667 intravit.
479 1629 501 1667 Et
512 1635 558 1677 post
569 1630 622 1666 varia
634 1628 711 1677 religio-

36 1709 62 1736 sae
74 1698 120 1735 vitae
135 1698 225 1736 exercitia
239 1698 264 1737 Α.
275 1699 298 1736 D.
315 1709 361 1736 1121
381 1698 449 1736 ceteris
461 1698 566 1748 praefrcitur
578 1710 612 1747 per
624 1699 711 1747 Aposto-

35 1768 77 1806 licae
100 1767 154 1806 Sedis
174 1768 267 1807 nuntium
295 1768 423 1819 Aymericum
446 1769 574 1818 patriarcham
593 1768 709 1812 Antiochiae,

36 1838 112 1885 primus
123 1838 237 1876 latinorum
255 1838 327 1876 dictus.
340 1838 435 1876 Ordinem
448 1838 498 1876 rexit
512 1849 552 1875 non
565 1837 608 1876 sine
622 1838 710 1876 maximo

35 1894 127 1945 omnium
140 1908 229 1956 profectu
241 1907 290 1946 XLV
299 1908 364 1951 annis,
378 1908 458 1945 tandem
467 1908 491 1944 ad
503 1908 620 1956 angelorum
630 1918 712 1945 consor-

35 1976 62 2014 tia
82 1977 171 2026 migrans
187 1978 211 2015 Α.
230 1978 254 2015 D.
274 1974 331 2020 1166,
348 1989 373 2028 29
391 1977 422 2015 die
439 1977 508 2024 Martii,
529 1976 592 2016 aetatis
607 1988 649 2015 suae
667 1988 710 2026 105,

36 2046 135 2084 miraculis
152 2047 222 2084 clarus.
243 2046 294 2084 Nam
309 2047 360 2084 duos
375 2047 492 2096 paralyticos
512 2047 594 2088 curavit,
616 2046 672 2084 caecis
692 2051 712 2084 et

37 2116 111 2153 claudis
123 2119 197 2153 naturae
208 2115 326 2153 beneficium
339 2115 430 2161 restituit,
451 2120 470 2153 et
481 2116 539 2154 vivus
551 2115 661 2154 occisorum
674 2117 712 2153 fra-

37 2190 90 2223 trum
99 2185 176 2223 animas
187 2185 207 2223 in
217 2185 291 2223 coelum
307 2185 376 2223 deferri
389 2185 444 2223 vidit.

64 2266 84 2293 2.
101 2254 185 2293 Sanctus
204 2254 312 2293 Brocardus
331 2255 474 2304 Hierosolymae
502 2260 568 2303 natus,
581 2255 709 2293 Hebraeorum

39 2324 108 2363 doctor
118 2324 302 2368 excellentissimus,
313 2325 343 2363 vir
352 2325 438 2374 ingentis
450 2324 510 2363 animi
522 2324 647 2374 ingentisque
660 2325 711 2362 litte-

40 2398 117 2439 raturae,
130 2394 232 2440 hebraicae,
245 2393 341 2439 caldaicae,
354 2406 423 2446 graecae
435 2399 454 2432 et
465 2394 529 2434 latinae
536 2394 608 2447 linguae
618 2393 712 2445 peritissi-
