1616 2703
281 135 305 163 DE
316 135 332 164 S.
342 134 412 164 suiuus
421 134 482 164 STOCK
681 134 719 174 317

44 210 65 249 in
74 210 143 249 vinum
153 209 174 248 se
180 209 352 261 convertisse(r);
362 210 452 249 similiter
458 221 504 249 curn
513 208 609 248 Ricardus
617 209 723 259 fraterejus

43 290 152 330 germanus
163 279 240 319 Simoni
251 291 320 318 secum
338 279 442 329 prandenti
454 280 529 330 piseem
543 283 622 318 coctum
635 280 721 326 offerret,

44 349 119 399 piscem
136 349 156 387 in
170 361 243 399 aquam
258 349 369 399 projectum
382 349 428 388 vitae
440 349 556 389 restituisse.
571 349 633 387 Addit
646 359 723 398 anony-

45 430 91 458 mus
107 418 140 470 (E)
147 418 250 458 Simonem
260 419 340 468 perinde
352 419 417 469 pisces
427 419 480 458 nuda
497 429 578 472 manue
592 417 676 457 flumine
687 417 724 455 Ta-

44 488 89 527 misi
102 488 214 532 sustulisse,
225 500 277 537 quos
288 488 323 537 (ait
332 489 412 535 Baleus)
424 488 495 527 deinde
511 473 583 526 iterum
598 499 655 537 aquae
668 486 724 526 resti·

43 558 88 596 tuit.
102 557 190 595 Tandem
199 558 367 607 quinquagesimo
379 557 411 596 sui
421 557 524 607 regiminis
533 568 587 595 anno
598 556 677 608 (Baleus
689 557 723 594 ha-

45 627 77 664 bet
86 625 194 678 vigesimo)
209 626 319 675 Burdigalis
330 627 383 665 diem
398 626 492 666 ultimum
502 625 579 665 clausit.
592 626 621 664 De
631 625 663 664 his
674 636 722 675 ergo

43 696 107 734 dicam
115 695 199 734 breviter
211 696 259 745 quid
269 697 362 736 sentiam.

68 764 121 803 Satis
131 765 232 814 probabile
243 766 322 805 videtur
334 767 400 805 revera
412 765 432 804 S.
442 765 546 804 Simonem
556 764 647 803 eKantia
654 763 721 803 oriun-

43 834 92 873 dum
108 845 144 883 per
155 835 236 884 aliquod
247 836 344 884 temporis
357 835 444 885 spatium
462 835 508 874 vitae
522 834 663 873 anachoretica
675 844 723 882 ope—

44 914 85 941 ram
98 903 176 941 dedisse
185 914 190 951 ;
201 903 283 953 insuper
294 904 396 953 probabile
407 906 438 942 est
447 904 516 954 ipsum
525 903 565 942 sive
574 903 670 942 divinitus
679 902 721 940 sive

43 972 162 1011 humanitus
177 972 303 1011 admonitum
313 972 375 1012 tuisse
386 978 408 1011 ut
417 972 490 1012 Ordini
498 973 520 1012 B.
529 972 555 1011 V.
563 972 630 1011 Mariae
645 982 719 1010 nomen

43 1041 105 1079 daret.
118 1041 187 1080 Errant
197 1047 265 1080 tamen
277 1053 349 1081 omnes
360 1047 450 1080 auctores
467 1046 579 1081 asserentes
599 1053 646 1080 eum
666 1051 719 1079 anno

46 1121 95 1148 1212
107 1110 218 1150 Carmelitis
230 1111 323 1160 Angliam
335 1111 495 1161 ingredientibus
502 1122 545 1149 sese
554 1110 683 1158 adjunxisse;
695 1120 720 1149 ,eo

44 1179 98 1217 enim
115 1190 168 1217 anno
184 1180 296 1218 Carmelitae
307 1181 398 1219 nondum
411 1181 434 1219 de
452 1180 571 1229 migratione
587 1178 607 1217 in
622 1180 720 1228 Europam

43 1253 122 1298 egerant
130 1258 134 1295 ;
148 1252 235 1288 attamen
248 1249 296 1287 mihi
307 1250 379 1288 arridet
388 1249 455 1299 opinio
464 1248 515 1288 balei
524 1254 544 1288 et
551 1248 616 1297 Segeri
628 1248 681 1287 Pauli
690 1258 722 1285 as-

42 1317 150 1356 serenti-um
162 1318 182 1357 S.
196 1318 299 1357 Simonem
311 1330 346 1368 per
355 1323 431 1368 septem
440 1316 513 1369 (immo
525 1328 559 1367 per
571 1318 635 1355 multo
645 1314 721 1368 plures)

42 1397 107 1424 annos
114 1386 137 1424 in
149 1386 193 1436 ipso
202 1388 269 1426 Monte
277 1387 364 1426 Carmeli
377 1387 484 1426 habitasse.
497 1386 595 1438 (a)lstam
607 1397 653 1425 vero
666 1396 722 1435 pere-

42 1456 175 1505 grinationem
192 1468 319 1506 nequaquam
336 1463 427 1507 tempore
446 1457 571 1507 generalatus
591 1455 629 1501 sui,
643 1460 666 1495 ut
678 1455 721 1493 vult

64 1627 84 1671 (1)
96 1627 142 1661 Mihi
151 1629 256 1662 nullatenus
263 1637 335 1663 constat
343 1640 408 1673 aquam
417 1629 436 1662 in
446 1629 509 1662 vinum
516 1638 623 1662 conversam
630 1627 669 1661 fore
679 1637 720 1660 cer-

41 1679 79 1718 tam
86 1685 182 1719 materiam
189 1686 273 1720 sacrificii
282 1688 348 1729 missae,
358 1688 425 1731 quippe
435 1688 486 1731 quod
491 1688 578 1733 genimen
583 1687 625 1720 vitis
632 1685 719 1729 requirat.

64 1745 154 1778 Praeterea
166 1746 215 1789 quod
227 1745 272 1778 dicit
287 1746 383 1779 Monaldus
395 1758 403 1777 a
415 1756 456 1779 cum
469 1746 525 1790 igitur
536 1756 574 1778 non
584 1751 645 1788 posset
656 1743 720 1777 vinum

41 1802 105 1836 haberi
114 1813 124 1835 a
135 1803 180 1837 locis
187 1803 328 1847 circumvicinis,
336 1813 375 1838 erat
384 1804 433 1838 enim
446 1804 465 1838 in
474 1805 518 1838 silva
527 1804 658 1837 monasterium
666 1803 720 1846 longe

41 1860 110 1894 distans
120 1872 129 1894 a
136 1862 229 1896 suburbiis
237 1873 296 1906 usque
302 1864 347 1897 adeo
354 1864 404 1908 quod
410 1863 441 1896 illa
449 1864 478 1896 die
484 1862 673 1907 impossibilefactum
679 1869 719 1895 erat

41 1927 61 1953 ut
75 1921 138 1954 vinum
151 1921 250 1956 haberetur
262 1936 277 1962 a,
289 1933 386 1957 erroneum
396 1931 430 1957 est.
442 1923 510 1957 Tribus
516 1921 565 1956 enim
577 1921 680 1956 kilometris
693 1922 719 1965 (ut

41 1978 113 2022 'egomet
122 1979 188 2023 saepius
197 1989 281 2025 expertus
288 1984 337 2026 sum)
343 1993 353 2016 a
360 1989 452 2016 conventu
459 1981 550 2015 Holnensi
560 1989 599 2015 erat
608 1979 680 2014 abbatia
689 1980 720 2013 Al-

41 2037 142 2072 nevicensis
154 2039 224 2073 ordinis
232 2040 437 2075 Praemonstratensium
444 2050 517 2074 necnon
524 2039 599 2074 ecclesie
609 2037 720 2084 paroehialis

41 2097 59 2129 S.
72 2097 175 2141 Michaelis,
185 2099 235 2133 unde
244 2099 259 2133 si
271 2110 334 2134 revera
342 2099 445 2144 oportuerit
451 2100 544 2134 celebrare
554 2098 593 2133 sine
602 2100 640 2133 ullo
649 2098 719 2132 incom-

40 2157 95 2189 modo
106 2156 169 2190 vinum
178 2159 201 2191 ab
208 2169 244 2191 una
257 2158 286 2192 vel
294 2159 351 2193 altera
358 2158 416 2203 quaeri
423 2158 518 2202 potuisset.

62 2216 83 2258 la)
97 2216 201 2251 Roboretur
210 2226 298 2261 praeterea
306 2219 346 2253 haec
355 2218 419 2263 opinio
429 2229 451 2252 ex
464 2218 553 2252 relatione
563 2217 683 2262 apparitionis
696 2217 718 2250 Β.

39 2273 122 2317 tardani,
131 2275 226 2310 Generalis
231 2277 437 2320 Praedicatorum,factae
444 2278 516 2311 cuidam
523 2276 593 2310 novitio
599 2276 673 2312 Ordinis
687 2286 719 2309 no·

40 2331 80 2375 stri,
93 2344 148 2377 quam
161 2343 224 2379 postea
234 2336 252 2369 S.
263 2336 327 2370 Simon
340 2336 495 2371 Praedieatoribus
503 2335 627 2370 narrantes.
639 2336 717 2377 Lezana,

39 2389 69 2430 lv,
76 2393 169 2437 279.Acta
176 2395 208 2430 SS.
220 2395 236 2429 II
247 2395 348 2437 Februarii,
358 2397 377 2430 Ρ.
391 2396 429 2441 731.
