1631 2703
87 103 123 144 182
353 113 402 142 acra
414 112 476 143 carn.
582 152 584 155 v

84 179 194 232 cunr-nota,
209 188 292 226 dicendo
304 188 378 238 aliquas
390 183 495 228 'orationes
503 188 752 240 (cum-:notula:lnaprima

85 256 234 295 stationedicto
248 258 306 305 narn
317 260 341 296 el.
356 250 375 296 et
386 260 444 297 Pater
458 261 520 297 noster
532 259 581 297 dicat
593 260 683 297 sacerdos
697 259 753 298 Eine

83 334 125 363 nos·
133 329 156 378 y.
166 327 185 364 A
191 329 249 370 borio
261 328 319 377 laisari
325 333 362 365 etc.
373 329 453 366 Domine
461 329 538 366 exunat.
548 329 640 366 Dominus
647 328 750 370 nobiscum.

84 395 151 433 Oratio
160 395 239 434 inclino.
255 397 274 433 ln
286 398 370 435 secunda
385 398 469 435 statione
479 398 530 435 dicto
538 399 596 435 Pater
607 399 714 435 nosleretc.
725 396 753 433 di-

85 469 115 502 cat
123 466 213 503 sacerdos
224 462 241 511 lt
251 466 271 502 ln
283 467 378 503 memoria.
395 467 475 507 Domine
489 466 565 504 exorati.
578 467 669 503 Dorrrirnrs
683 466 751 507 vobisc.

85 534 119 571 Or.
136 535 187 572 Deus
198 535 231 583 qni
250 547 282 573 nos
292 538 363 582 partiam
382 538 401 572 et
411 538 488 573 rnolr’om
500 536 596 573 hononore.
610 536 629 572 ln
645 536 700 572 tertia
715 540 754 572 sta-

85 602 138 640 tione
149 601 172 650 p,
190 604 251 641 Credo
265 604 334 641 viatere.
348 604 428 642 Domine
439 604 516 642 cantati,
532 604 624 641 Domirms
637 605 704 642 vobisc.
718 604 752 641 Or.

87 673 138 710 Deus
149 672 169 709 in
182 673 236 722 crrjns
247 673 366 710 miseralione
374 686 382 720 ,·
395 678 412 710 et
423 685 427 710 z
444 674 530 711 Absolve.
547 674 565 710 ln
580 673 619 710 fine
634 673 756 722 Requiescont

87 738 114 778 in
123 745 174 788 pace.
187 742 261 779 Fratres
270 753 327 779 versu
340 742 391 779 dicto
406 742 567 779 revertunturad
581 741 755 782 cheranuDicant

87 802 116 848 Do
126 810 231 857 proficiatis.
248 810 269 847 Et
282 810 299 846 in
315 810 354 847 nne
369 811 459 847 sacerdos
476 811 526 847 dicat
541 810 755 848 orationemFidelinm

87 879 145 917 Dens.
156 878 174 915 Si
186 890 232 916 vero
247 879 265 915 in
277 879 366 926 praedicta
377 878 422 915 leria
434 879 532 926 processio
545 879 594 916 dicta
605 884 645 916 non
657 879 715 916 luerit
724 880 754 916 rel

88 947 159 995 poterit
172 947 219 990 fieri,
238 947 271 984 nat
281 947 300 984 in
313 947 348 984 alia
364 947 393 984 die
408 947 520 995 proximiori
531 947 587 985 istius
600 947 721 996 septimanae,
735 947 754 985 in

89 1017 108 1053 in
120 1027 157 1064 qua
170 1016 246 1053 nullum
255 1015 458 1064 sitirnpedinientum.
470 1016 491 1053 Et
500 1016 551 1053 idern
561 1016 618 1053 datin
629 1017 659 1054 die
669 1028 756 1054 comine-

90 1084 204 1122 morationis
213 1084 329 1121 animarum.

92 1175 94 1179 ·
120 1154 139 1190 ln
163 1152 245 1190 Rubrica
264 1153 287 1190 lV
306 1153 330 1189 de
348 1152 422 1201 jejunio
444 1153 537 1190 addatur:
559 1154 604 1190 ltenr
623 1154 754 1202 praecipimus,

90 1222 144 1269 quod
159 1222 225 1258 iratres
238 1232 277 1258 non
290 1221 393 1258 comedant
407 1226 440 1258 aut
454 1221 522 1258 bibant
535 1233 580 1259 cum
596 1222 721 1260 soecularibus
737 1223 755 1259 in

92 1289 206 1332 dormitorio
224 1289 286 1326 autin
301 1289 461 1337 quibuscumque
477 1289 518 1326 aliis
536 1290 623 1334 cameris,
637 1291 671 1327 ubi
690 1292 757 1328 iratres

89 1359 160 1407 jacent,
170 1358 207 1395 sub
217 1369 276 1406 poena
285 1358 378 1406 gravioris
388 1358 448 1405 culpae
457 1369 489 1405 per
503 1362 539 1395 tres
549 1358 597 1395 dies.
608 1358 704 1406 Tempore
713 1370 757 1396 vero

92 1438 131 1474 quo
143 1426 212 1463 dicitur
225 1426 284 1463 inissa
301 1430 335 1463 aut
347 1437 432 1474 vesperae
449 1432 481 1462 aut
492 1427 642 1474 completorium
659 1428 725 1464 nullibi
739 1428 757 1464 in

91 1499 189 1532 conventu
202 1506 247 1538 cunr
263 1494 388 1531 saecularibus
398 1499 466 1542 potent
478 1499 511 1531 aut
520 1491 630 1541 comedant,
644 1494 679 1532 nisi
692 1502 758 1533 essent

91 1564 139 1600 tales
151 1574 246 1611 personae,
262 1574 307 1600 curn
320 1562 392 1610 quibus
401 1562 462 1613 (sine)
471 1568 580 1600 conventus
593 1564 622 1599 vel
632 1564 705 1601 ordinis
720 1565 759 1601 dis-

93 1632 163 1680 pendio
176 1632 213 1669 hoc
225 1631 322 1668 observari
333 1643 372 1668 non
383 1636 456 1679 posset.
467 1631 547 1679 Semper
556 1637 621 1669 tamen
632 1644 641 1668 a
653 1632 758 1680 praesiden-

92 1706 111 1737 te
123 1700 141 1737 in
151 1704 249 1737 conventu
259 1699 356 1736 licent-ianr
366 1699 473 1737 obtineant.

119 1769 166 1805 ltern
178 1768 260 1805 Rubrica
273 1768 289 1805 V
301 1768 325 1804 de
336 1767 413 1804 silentio
427 1767 557 1815 praecipimus,
573 1769 627 1816 quod
639 1770 705 1806 iratres
718 1781 757 1806 non

93 1841 171 1873 cantent
182 1836 286 1873 cantilenas
296 1836 398 1872 saeculares
408 1847 483 1873 neceas
494 1836 572 1879 dictent,
587 1837 669 1874 doceant
682 1843 715 1874 aut
731 1838 759 1874 di-

94 1910 155 1948 scant,
171 1916 206 1941 nec
219 1904 277 1942 etiarn
288 1904 403 1952 tripudient,
422 1904 459 1941 sub
473 1915 531 1952 poena
544 1905 638 1953 gravioris
652 1906 713 1953 culpae
726 1918 759 1954 per

94 1974 152 2010 diem.
540 2002 544 2005 .

118 2040 167 2091 (Fol.
180 2040 226 2091 58b)
235 2041 280 2078 ltem
293 2040 375 2078 Robrica
385 2040 407 2077 IX
416 2040 440 2077 de
450 2040 560 2088 hospitibus
570 2041 691 2088 ordinamus,
705 2043 759 2089 quod

92 2110 147 2158 pueri
163 2114 181 2146 et
195 2110 278 2157 juvenes
290 2108 373 2146 ordinati
385 2109 408 2145 ad
421 2109 508 2145 studium
521 2113 539 2145 et
551 2109 574 2144 ad
586 2109 701 2147 discendum
716 2112 758 2147 nul-

93 2179 170 2215 latenus
185 2176 261 2225 possint
280 2176 329 2213 rnittl
344 2177 367 2213 ad
384 2176 479 2213 terminos
491 2177 521 2214 vel
539 2177 562 2213 ad
580 2182 689 2224 quaesturas
706 2183 759 2215 extra

93 2247 158 2284 villain
174 2257 209 2283 nec
226 2246 288 2282 taliter
303 2250 421 2293 occupentur
439 2246 517 2293 saepius,
533 2246 587 2292 qnod
603 2257 648 2283 suas
667 2247 759 2284 lectiones

94 2326 134 2352 non
146 2315 222 2355 valeant
231 2314 328 2351 addiscere
337 2314 366 2350 vel
378 2313 451 2351 audire.

120 2384 166 2422 ltenr
179 2382 260 2423 Rubrica
272 2383 289 2420 Χ
300 2382 323 2420 de
333 2382 489 2422 confessionibus
499 2382 619 2426 ordinamus,
631 2383 758 2431 quodfratres
