1631 2703
217 122 323 151 CAPITULUM
335 122 406 151 MONTIS
418 122 498 152 cannati
653 125 689 152 211

23 194 94 240 instaura
105 198 134 233 est
151 199 174 234 ut
182 197 216 234 sub
228 209 266 235 arria
277 199 342 248 regula
358 198 441 236 uiuentes
458 198 561 247 uniformes
579 198 599 236 in
611 209 693 237 inacessa-

22 264 58 302 riis
67 267 135 303 nostra
144 266 188 305 vita
199 267 323 305 observantiis
332 267 451 305 inveniamur
460 269 489 306 &c
499 280 518 306 n.

50 333 117 372 Cetera
128 335 207 374 desunt.
372 333 375 337 ’

52 402 105 440 Prior
114 403 173 452 hujus
186 404 300 442 narrationis
313 415 356 454 pars
368 404 472 453 desumpta
484 408 513 441 est
525 416 548 442 ex
566 404 660 442 Chronica
671 406 694 442 de

25 472 180 520 rrirrltiplicatione
188 473 286 523 religionis
296 473 451 518 Carnnlitarrnn
466 477 545 511 auctore
557 473 654 511 Gulielmo
669 474 693 512 de

25 539 107 587 Sanvico
118 540 148 592 (r)
157 542 191 590 qui
201 541 273 580 vixitin
285 547 353 580 monte
362 542 452 585 Carmeli,
464 542 532 580 saltem
541 542 565 580 ab
577 553 629 581 anno
645 554 693 592 1254

26 610 119 658 usquead
132 621 206 648 annum
222 621 277 662 1291,
289 611 362 660 quippe
372 615 417 660 post
429 615 505 659 captam
517 610 615 649 civitatem
632 612 694 650 Acco-

26 688 108 716 nensem
126 691 171 717 cum
184 680 272 728 pluribus
283 680 325 718 aliis
337 679 433 729 Europam
449 691 523 718 versus·
533 679 591 727 sugit.
602 681 638 718 lste
655 680 695 718 Gu-

26 747 103 786 lielmus
112 748 177 786 scribit
187 753 208 786 ut
220 748 320 797 sequitur:

53 818 208 862 «Quamobrem
226 824 329 865 coeperunt
340 818 411 867 pagani
427 818 505 856 Terram
524 818 614 856 Sanctam
630 817 694 855 effica-

26 885 68 923 cius
76 885 133 924 solito
143 886 239 933 invadere,
252 887 356 934 plerosque
366 886 436 924 milites
446 893 464 924 et
474 886 550 935 aliquos
559 886 634 924 nobiles
644 887 695 923 mul-

25 958 97 1002 tosque
108 954 156 992 allos
170 954 291 992 Christianos
309 966 361 992 anno
376 955 454 993 Domini
470 966 518 1004 ¹237
539 966 600 1004 prope
620 955 693 993 Gazam

26 1022 164 1061 interfecerunt
176 1029 194 1060 et
211 1028 309 1072 ceperunt.
333 1023 414 1072 Propter
425 1025 479 1071 quod
498 1023 557 1071 aliqui
576 1023 693 1060 infirmlores

27 1092 148 1139 professores
160 1088 219 1139 hujus
229 1091 328 1140 religionis
340 1091 448 1129 conturbati
451 1121 500 1130 ......
513 1091 607 1140 optabant
616 1091 694 1129 Terram

27 1159 117 1198 Sanctam
134 1161 221 1198 deserere
230 1166 249 1198 et
260 1161 284 1197 ad
295 1154 383 1209 regiones
393 1161 482 1209 proprias
493 1161 546 1198 unde
556 1165 649 1198 venerant
667 1172 696 1197 re-

27 1228 67 1265 dire
70 1258 118 1267 ......
129 1228 191 1277 Super
201 1240 240 1277 qua
252 1240 271 1266 re
283 1241 308 1267 an
321 1229 370 1266 licita
382 1233 523 1278 congregatum
533 1228 570 1267 luit
586 1229 695 1278 capitulum

27 1297 47 1334 in
58 1298 178 1336 monasterio
190 1298 264 1335 montis
274 1298 356 1336 Carmeli
368 1303 387 1336 et
399 1298 486 1335 habitum
499 1298 604 1335 concilium
616 1297 642 1334 ibi
645 1326 694 1336 ......

26 1366 78 1403 Prior
94 1367 160 1414 itaque
173 1366 285 1405 monasterii
299 1367 372 1405 ntontis
387 1366 476 1411 Carmeli,
496 1366 574 1404 attentis
587 1365 696 1404 rationibus

26 1434 69 1473 istis
81 1440 100 1473 et
111 1435 232 1473 considerata
244 1435 380 1484 persecutione
397 1446 456 1483 quam
475 1434 495 1472 in
507 1434 565 1472 Terra
577 1434 646 1472 Sancta
664 1446 697 1482 pa-

26 1503 71 1551 gani
80 1503 189 1541 inferebant
198 1505 242 1541 huic
252 1504 340 1553 religioni
349 1504 433 1548 assidue,
443 1503 557 1541 admonitus
566 1514 576 1539 a
586 1502 664 1548 Christo
676 1507 696 1539 et

25 1583 36 1608 a
53 1572 109 1609 Beata
120 1572 179 1609 Maria
190 1573 233 1621 elus
244 1572 336 1621 genitrice
348 1573 367 1609 in
383 1572 466 1616 somnis,
480 1571 578 1609 licentiam
597 1570 696 1619 aliquibus

26 1641 118 1678 fratribus
129 1641 227 1678 concessit
237 1641 316 1679 Terram
328 1641 418 1679 Sanctam
433 1641 534 1678 deserendi
543 1644 561 1677 et
570 1640 594 1677 ad
609 1640 696 1688 proprias

28 1709 118 1758 regiones
134 1710 227 1747 redeundi
239 1710 317 1758 illicque
329 1709 446 1748 monasteria
457 1709 515 1758 liuius
527 1708 627 1757 religionis
637 1708 697 1746 aedifr-

28 1778 164 1816 candi.·Ann0
176 1790 223 1828 ergo
235 1779 314 1817 Domini
328 1781 376 1829 1238
388 1778 447 1827 aliqui
461 1789 484 1816 ex
494 1778 550 1816 dictis
563 1778 655 1815 iratribus
665 1789 698 1814 na-

28 1847 81 1884 tione
92 1847 158 1897 Cyprii
169 1848 193 1885 ad
202 1848 287 1886 insulam
296 1848 354 1899 Cypri
372 1849 554 1885 transfretaverunt.
563 1847 600 1884 Alii
610 1858 656 1885 vero
667 1858 699 1884 na-

27 1916 81 1954 tione
92 1916 151 1955 Siculi
162 1917 187 1954 ad
198 1917 283 1955 insulam
293 1917 362 1955 Siciliae
374 1917 528 1965 navigaverunt3
542 1916 622 1965 quidam
632 1920 697 1952 autem

28 1986 106 2024 natione
117 1986 247 2026 Provinciales
259 1987 310 2036 apud
323 1987 428 2025 Massiliam
440 1987 538 2024 civitatem
550 1984 655 2023 Provinciae
667 1996 699 2033 ap-

50 2165 72 2207 li]
80 2163 107 2199 Cf.
115 2165 208 2209 Speculum
219 2166 299 2201 Carmel.
310 2168 323 2206 1,
337 2177 388 2209 pon.
396 2166 429 2207 416
440 2165 501 2207 &aaa
513 2163 614 2197 Gulielmus
621 2162 695 2195 natione

28 2224 98 2267 Anglus
114 2232 152 2257 erat
161 2235 182 2257 ex
195 2225 272 2259 Sanvico
282 2225 300 2257 in
317 2224 377 2257 littore
390 2223 504 2256 meridionali
518 2221 589 2265 Angliae
599 2221 698 2261 oriundus,

29 2292 66 2314 non
76 2282 132 2325 Syrus
143 2291 163 2316 ut
173 2282 246 2326 quidam
259 2283 328 2317 volunt.
342 2284 411 2315 Praeter
420 2292 440 2313 en
449 2291 490 2324 quae
503 2290 558 2323 supra
568 2279 659 2312 habentur
670 2278 698 2310 ni-

29 2339 86 2372 hilde
95 2350 116 2373 eo
125 2348 189 2374 notum
199 2349 225 2374 est
233 2341 268 2374 nisi
277 2342 326 2384 quod
333 2351 381 2372 anno
394 2339 437 2382 1287
447 2339 466 2371 in
475 2338 555 2381 capitulo
562 2337 699 2379 lllontispessu-

29 2397 66 2430 lani
75 2397 162 2432 definitor
170 2399 232 2432 Terrae
243 2400 314 2433 Sanctae
324 2398 409 2432 extiterit.
