1616 2703
291 168 315 196 DE
329 168 416 197 onnnulo
428 167 521 196 nuoullco
696 168 735 208 305

60 243 137 292 tuit;·is
149 243 235 293 priorem
248 243 417 281 Marianauensem
428 247 494 292 egerat
513 252 565 279 anno
590 240 646 292 1361,
670 242 737 281 Casse-

61 315 135 351 lensem
145 323 197 350 anno
209 323 266 363 1373,
276 312 435 361 Boppardensem
458 313 514 361 1385,
528 310 666 349 Trevirensem
688 313 741 361 ¹387.

61 386 80 419 et
91 381 171 419 tandem
184 381 351 430 Argentinensem
364 392 416 418 anno
440 391 486 431 1391
508 391 548 429 quo
560 379 666 428 episcopus
689 380 739 418 Azo-

61 450 124 489 tensis
132 455 151 488 et
159 451 296 500 suffraganeus
308 449 430 488 Trevirensis
442 454 519 487 creatus
529 449 571 486 luit,
585 448 640 486 Obiit
658 449 739 486 tandein

65 517 114 567 1416
127 519 253 568 «theologus
264 518 448 557 absolutissimus»
459 519 491 566 (1)
502 522 521 556 et
534 518 624 567 sepultus
634 523 664 567 est
674 518 740 556 Trevi-

63 589 95 627 ris.
105 588 198 626 Officium
210 594 277 626 autem
289 588 344 637 quod
361 588 476 637 composuit
488 591 540 625 extat
552 588 571 625 in
590 587 685 625 breviario
698 587 739 625 An-

62 656 169 706 degnvensi
178 668 231 695 anno
243 668 356 707 1425-1430
365 656 477 706 conscripto
488 655 526 707 (2),
535 667 613 694 necnon
622 656 641 694 in
652 657 739 705 quodam

63 726 129 765 codice
140 725 294 776 Cantabrigiensi
312 737 366 765 anno
380 737 427 776 ¹525
441 736 502 764 manu
514 725 576 775 ipsius
588 725 638 763 Balei
651 731 738 770 exarato,

64 795 145 834 mutatis
154 799 221 833 tamen
233 794 361 834 lectionibus.
374 795 472 845 Hymnos,
486 795 604 843 antiphonas
622 800 641 832 et
659 806 742 843 respon-

64 851 114 903 soria
126 864 157 902 hic
168 864 258 903 omittam
268 875 313 903 curn
323 877 344 902 ea
353 865 400 902 alias
411 864 499 903 editurus
509 863 556 909 sim,
569 869 589 901 at
600 864 696 902 lectiones
710 875 742 902 au·

64 938 117 980 ctore
138 933 273 982 Aldcndorpio
283 934 396 972 inserendas
408 944 479 972 censeo
492 945 538 971 cum
551 932 632 971 maximi
644 933 741 971 momenti

23 1014 25 1017 ’
65 1002 105 1041 sint
116 1001 140 1039 ad
158 1002 313 1052 intelligendam
324 1002 428 1052 legendam
440 1002 460 1041 S.
473 1002 547 1053 Cyrilli.
561 1002 622 1047 Quasi
634 1002 687 1040 enim
700 1013 742 1041 non

18 1092 20 1122 j
64 1070 174 1110 suffecisset
182 1071 239 1109 Petro
257 1071 349 1121 Maymeti
367 1076 426 1120 atque
446 1070 488 1109 aliis
505 1070 635 1120 scriptoribus
647 1071 742 1121 Cyrillum

65 1140 189 1179 Carmelitam
204 1151 249 1178 curn
262 1140 442 1191 Hierosolymitano
459 1140 574 1178 confudisse
584 1130 741 1189 Aldendorpium

18 1213 22 1229 ⁷
65 1197 136 1259 ipsum·
144 1209 226 1259 insuper
236 1220 281 1248 cum
292 1208 364 1260 Cyrillo
375 1209 507 1248 Alexandrino
517 1209 613 1247 confudit.

91 1278 147 1317 Novn
156 1280 198 1317 haec
206 1279 297 1317 conlusio
305 1279 414 1328 aliqualiter
425 1278 513 1317 excusari
526 1284 599 1328 potest,
612 1279 657 1328 quin
666 1291 691 1317 ex
702 1289 743 1317 nnn

66 1354 120 1397 parte
130 1348 155 1386 de
164 1348 236 1398 Cyrillo
247 1348 351 1386 Carmelita
363 1349 411 1386 nihil
424 1352 495 1386 notum
507 1353 548 1386 erat
558 1348 594 1386 nisi
607 1359 688 1395 nomen,
700 1348 745 1386 offr-

65 1417 202 1467 cium-prioris
211 1424 230 1455 et
247 1418 328 1466 spiritus
338 1418 453 1466 prophetiae,
468 1423 487 1455 et
503 1429 527 1456 cx
544 1418 603 1455 altera
615 1417 681 1466 plures
697 1418 744 1456 scri-

18 1527 20 1530 4
65 1491 132 1535 ptores
144 1485 225 1525 Ordinis
237 1485 268 1536 (3)
277 1487 318 1536 jam
330 1492 387 1525 antea
404 1492 543 1526 assueruenmt
554 1487 650 1537 Cyrillum
663 1486 743 1536 patriar-

66 1555 123 1593 ch'am
135 1555 292 1594 Alexandrinum
309 1553 382 1607 (†444)
395 1555 456 1594 luisse
465 1548 600 1594 Carmelitam.

92 1624 165 1673 Accipe
173 1635 226 1662 nunc
235 1624 330 1663 lectiones
343 1636 377 1674 per
389 1625 547 1674 Aldendorpium
561 1624 696 1674 conscriptas:

92 1693 143 1731 lect.
156 1694 168 1732 1.
183 1693 242 1731 Anno
254 1693 333 1731 Domini
343 1693 547 1743 quadringentesimo,
558 1699 649 1743 tempore
660 1694 744 1732 Consar-

66 1762 85 1800 di
94 1763 153 1812 hujus
166 1763 253 1801 nominis
266 1763 324 1812 primi
340 1763 470 1812 imperatoris,
484 1764 603 1802 clarescente
615 1763 689 1802 eximio
707 1763 744 1801 do-

16 1838 18 1840 “
66 1836 119 1875 ctore
130 1842 189 1870 sncrae
203 1832 309 1881 theologie
317 1832 413 1879 joachim,
426 1832 463 1870 suit
475 1833 505 1870 vir
516 1832 575 1871 datus
587 1832 672 1871 scientiis
681 1843 744 1871 sacra-

67 1910 110 1945 rum
122 1900 230 1939 litterarum
243 1901 339 1946 eruditus,
353 1901 393 1939 Deo
405 1901 539 1954 Genitrlcique
550 1902 593 1950 eius
611 1902 698 1940 multum
711 1901 744 1939 de-

66 1973 133 2015 votus,
146 1974 165 2008 et
177 1969 258 2008 nomme
269 1969 361 2020 Cyrillus.
374 1970 411 2018 iste
420 1970 440 2008 in
452 1970 511 2009 Terra
523 1970 594 2009 Sancta
605 1983 616 2008 a
627 1970 745 2009 Christianis

89 2151 111 2191 (il
120 2151 146 2185 Cf.
158 2152 217 2191 Koch,
228 2153 239 2186 l.
247 2163 263 2186 c.
272 2152 345 2196 passim.
354 2155 432 2194 Lezana,
446 2154 477 2194 IV,
489 2154 538 2196 1046.

4 2228 8 2240 J
89 2210 111 2251 12]
121 2211 142 2243 ln
152 2210 264 2245 bibliotheca
276 2211 348 2245 Domini
359 2211 434 2255 Philips‚
448 2212 575 2251 Chellenham,
592 2214 615 2246 N.
626 2212 677 2256 6985.
688 2212 745 2246 Univ.

68 2266 154 2302 Cantabr.
166 2269 193 2312 Ff,
203 2269 220 2311 6,
228 2269 257 2303 28.

89 2325 111 2369 (3)
121 2328 214 2362 lohannes
222 2328 388 2363 Hildesheimensis
398 2329 505 2373 [Speculum
516 2329 595 2371 Carmel,
604 2331 617 2363 Ι.
628 2330 667 2371 155,
676 2331 744 2372 11.686);

70 2384 173 2419 Bernardus
179 2386 251 2421 Olenius
259 2386 310 2431 (ibid.
320 2388 341 2421 Ρ.
352 2388 389 2422 168.
398 2399 415 2421 n.
424 2389 475 2433 742);
485 2387 580 2422 lohannes
587 2389 609 2422 de
616 2389 687 2423 Veneta
694 2388 745 2432 (ibid.

70 2442 89 2475 P.
100 2444 141 2484 203,
152 2455 168 2477 n.
180 2445 227 2490 877).

599 2528 616 2548 20
