1631 2703
332 119 411 158 numici
426 128 456 157 avr
479 125 480 129 ’
708 127 732 168 59

82 215 115 256 34.
132 204 230 243 Volumus
244 207 309 242 autem
325 204 379 253 quod
401 215 472 242 omnes
489 196 575 241 scolares
595 203 619 240 ad
639 202 732 251 praedicta

56 274 119 315 studia
129 273 304 313 missisecundum
314 273 458 312 ordinationem
469 273 499 311 sui
510 267 579 322 prioris
591 272 686 311 lectiones
698 284 732 311 au-

56 345 110 384 diant
127 343 267 392 magistrorum
284 355 307 380 ac
323 343 381 381 etiarn
393 342 549 380 bachalariorum
564 348 583 386 et
595 343 699 386 lectorum,
713 347 733 381 et

57 413 201 464 disputationes
212 420 231 451 et
245 413 426 451 determinationes
439 414 570 462 frequentent,
585 417 604 450 et
615 411 682 449 omnia
696 412 732 450 alia

57 484 127 524 iaciant
147 482 171 520 ad
189 482 277 522 studium
290 482 407 531 pertinentia
426 487 485 531 prout
501 492 535 531 per
552 481 627 520 dictum
646 480 731 530 priorem

58 549 126 593 eorum
138 553 195 590 luerit
206 552 328 596 ordinatum,
339 548 443 601 subpoena
455 548 552 601 gravioris
571 552 634 600 culpae
646 562 680 600 per
696 552 733 589 du-

58 635 81 662 os
89 622 131 661 dies
139 621 301 671 delinquentibus
313 622 427 671 infligenda.
582 617 585 620 ’

84 703 117 743 35.
130 691 149 730 Si
161 687 227 730 autem
239 691 344 741 contingat
361 691 415 740 quod
435 691 505 740 aliquis
523 690 663 740 praedictorum
680 690 732 739 prio-

58 773 101 801 rum
112 760 263 810 provincialium
276 760 300 797 ad
312 760 428 810 praedictum
440 760 529 799 studium
542 760 650 809 parisiense
663 759 694 797 vel
706 760 731 797 ad

58 832 93 870 alia
105 829 169 869 studia
178 830 274 869 scolarem
287 841 321 867 seu
331 831 416 868 scolares
429 841 469 868 non
482 829 557 867 miserit
569 835 628 878 prout
638 840 672 878 per
681 829 733 879 capi-

57 901 122 939 tulum
132 900 223 947 generale
232 898 289 937 luerit
296 899 417 944 ordinatum,
427 900 522 937 volumus
534 899 588 947 quod
600 899 616 937 si
628 909 661 948 per
671 899 734 948 negli-

59 968 146 1019 gentiam
164 969 234 1016 prioris
250 968 375 1017 provincialis
392 969 467 1006 steterit
478 969 509 1005 vel
529 980 553 1006 ex
567 968 602 1006 alia
618 969 676 1017 culpa
688 976 731 1011 sua,

58 1049 117 1088 poena
128 1036 224 1086 gravioris
234 1038 297 1086 culpae
307 1038 417 1076 secundum
429 1037 549 1087 exigentiam
557 1037 621 1075 delicti
629 1037 729 1087 puniatur.

58 1106 91 1158 36.
102 1108 149 1144 ltem
162 1106 268 1158 statuimus
280 1107 334 1155 quod
344 1106 440 1155 magistri,
453 1106 556 1144 bachalarii
568 1099 588 1144 et
602 1108 687 1145 scolares
704 1109 734 1145 fo-

60 1187 126 1215 renses
138 1173 229 1225 Parysius
246 1188 268 1214 ac
280 1176 371 1214 omnium
383 1176 466 1228 aliorum
482 1175 593 1215 studiorum
611 1175 733 1226 generalium

59 1246 131 1295 eligant
141 1241 224 1284 'socium
237 1246 287 1294 (Fol.
303 1246 350 1295 18b>
365 1244 435 1294 prioris
452 1245 519 1283 localis
538 1245 690 1283 cumfratribus
709 1246 734 1283 de

7 1333 9 1335 >
58 1309 157 1356 conventu
169 1314 244 1352 eumad
251 1314 359 1363 capitulum
366 1313 485 1364 provinciale
497 1313 612 1364 proximum
624 1319 669 1352 ante
681 1315 734 1365 capi-

59 1384 122 1422 tulum
129 1385 219 1433 generale
226 1383 251 1422 sit
258 1383 346 1422 eundum
356 1395 360 1432 ;
376 1382 478 1435 verum(1)
490 1384 535 1434 eligi
544 1395 584 1422 non
592 1388 683 1433 possunt,
697 1385 733 1423 sed

5 1447 10 1495 ἶ
59 1453 129 1501 eligere
134 1456 220 1491 tantum.
229 1453 249 1490 ln
255 1452 296 1490 suis
303 1457 368 1491 autern
375 1452 481 1501 provinciis
490 1452 534 1501 eligi
540 1457 635 1501 poterunt
641 1453 660 1490 in
668 1454 734 1492 socios

59 1521 208 1571 provincialium
221 1526 240 1559 et
251 1521 368 1560 diffinitores
381 1522 460 1570 capituli
468 1522 573 1571 generalis.
583 1522 624 1560 Nec
635 1522 690 1560 aliter
701 1534 734 1561 so-

59 1591 133 1629 ciorum
146 1602 182 1629 seu
190 1591 322 1630 diffinitorum
336 1591 420 1629 habeant
435 1596 561 1640 potestatem.
575 1603 608 1643 37.
622 1591 684 1630 Liceat
700 1604 734 1630 au-

6 1652 9 1702 f
59 1665 98 1698 tem
111 1660 208 1709 prioribus
221 1660 376 1709 provincialibus
388 1661 412 1698 de
423 1672 505 1700 assensu
518 1661 734 1710 diffinitorumcapituli

5 1719 10 1746 Τ
60 1729 183 1779 provincialis
196 1730 298 1769 studentes
308 1741 356 1769 suos
368 1730 458 1781 Parysius
470 1732 500 1769 vel
508 1731 533 1769 ad
542 1731 578 1768 alia
594 1731 658 1769 studia
675 1743 735 1780 gene-

60 1799 104 1836 ralia
113 1799 187 1837 missos
196 1799 254 1837 etiam
264 1804 309 1836 ante
318 1800 427 1837 triennium
440 1812 464 1837 ex
476 1812 535 1838 causa
546 1801 632 1849 legitima
642 1812 734 1838 revocare

59 1873 78 1906 et
88 1872 136 1906 tunc
145 1867 194 1906 alios
206 1869 250 1906 loco
262 1879 331 1906 eorum
344 1868 442 1907 remittere
451 1873 563 1917 teneantur,
575 1874 634 1919 prout
643 1870 734 1919 superius

59 1937 180 1975 continetur.
193 1939 226 1987 38.
239 1938 286 1975 ltem
299 1938 405 1977 statuimus
415 1939 469 1987 quod
481 1939 584 1978 studentes
595 1939 686 1989 Parysius
704 1940 735 1978 vel

59 2005 78 2043 in
90 2005 251 2056 quibuscumque
260 2006 331 2045 studiis
343 2007 469 2056 generalibus
481 2007 505 2045 ad
517 2007 628 2056 provincias
638 2019 684 2046 suas
693 2019 734 2047 non

8 2113 10 2117 f
59 2075 138 2113 redeant
148 2079 194 2113 ante
205 2075 313 2114 triennium
321 2077 350 2113 vel
362 2076 471 2115 terminum
488 2076 525 2115 nisi
535 2077 559 2115 de
568 2077 645 2116 licentia
656 2078 733 2127 speciali

7 2133 10 2170 [
59 2144 129 2192 prioris
138 2145 235 2193 generalis
246 2146 277 2183 vel
289 2145 420 2194 provincialis,
432 2146 470 2184 sub
482 2158 541 2196 poena
554 2147 647 2195 perdendi
660 2147 735 2196 portio-

61 2224 106 2251 nem
119 2225 175 2252 suam
191 2226 225 2264 per
236 2226 300 2252 unum
317 2227 401 2254 annum.
414 2212 447 2266 39.
461 2216 571 2254 Statuimus
583 2217 637 2265 quod
650 2217 734 2255 scolares

5 2280 8 2294 ²
60 2286 78 2319 et
87 2282 189 2321 bachalarii
199 2285 223 2321 de
237 2284 328 2334 Parysius
338 2285 444 2323 redeuntes
458 2286 489 2324 vel
501 2285 526 2323 de
537 2285 580 2324 aliis
591 2286 663 2325 studiis
674 2298 736 2336 gene·

80 2430 105 2471 (Ι)
118 2430 151 2465 MS
160 2430 215 2465 habet
224 2442 228 2465 :
240 2430 281 2465 nisi.
