1616 2703
283 82 336 110 nes.
346 81 417 110 sitione
426 81 486 111 srocx
682 81 721 122 315

72 158 172 204 Quaeritur
194 157 226 195 hic
242 157 290 206 quid
309 157 432 195 censendum
452 157 478 194 sit
499 157 524 194 de
547 157 590 194 Vita
602 156 622 194 S.
635 156 722 194 Simonis

46 238 106 276 quam
119 227 186 275 Petrus
198 225 338 277 Swanyngton
350 226 413 274 ipsius
422 226 539 264 secretarius
548 235 566 262 er
576 236 644 263 comes
661 226 722 263 tenus

45 297 156 345 scripsisse.
170 296 255 334 Breviter
267 295 378 344 respondeo
386 294 478 344 (posthac
488 295 551 332 fusius
563 295 587 331 de
599 295 641 343 ipsa
652 300 722 332 tracta-

45 365 111 417 turus)
120 377 162 402 eam
172 364 357 414 interpolationibus
375 375 500 414 nequaquam
507 375 578 407 carere,
590 364 721 401 nibiiominus

46 435 155 484 praesertim
168 435 188 473 in
208 435 272 483 prima
286 441 340 483 parte
352 434 419 483 quoad
430 434 562 472 substantiam
575 434 680 471 veridicam
692 433 721 470 vi-

45 504 100 542 deri:

73 574 123 612 Hinc
136 573 226 623 sequitur
239 572 399 622 antiquissimam
412 573 504 612 omnium
516 573 581 611 Vitam
599 572 619 611 S.
635 571 722 610 Simonis

46 643 106 681 Stock
122 644 174 681 illam
186 654 230 681 esse
248 643 415 691 quamJohannes
429 642 497 681 Grossi
509 644 549 680 iere
558 643 648 680 ducentis
664 642 722 679 annis

46 719 92 762 post
98 713 140 762 ejus
148 718 232 751 mortem
239 712 364 761 conscripsit.
371 714 378 760 (
385 711 529 762 1)Posteriores
535 723 582 750 vero
587 718 677 750 auctores
685 711 722 748 illis

46 793 91 831 quae
101 782 155 830 apud
163 782 274 830 Johannem
284 781 353 820 Grossi
360 781 477 819 inuenerant
487 782 584 820 nonnutta
593 780 720 822 addiderunt,

47 864 83 902 pro
95 852 169 902 quibus
184 852 259 890 nullam
271 852 355 889 afferunt
363 852 509 890 auctoritatem.

73 921 131 960 Teste
140 922 233 971 praedicto
241 922 330 969 Johanne
340 920 409 959 Grossi
417 921 437 959 S.
450 921 519 959 Simon
532 926 624 959 mortuus
636 925 666 957 est
675 920 723 957 Bur-

46 991 119 1041 degaiis
132 991 154 1030 16
164 991 208 1040 Maii
226 989 275 1039 1265
285 991 395 1029 centesimo
409 992 472 1030 aetatis
484 1003 544 1036 anno,
557 991 610 1029 unde
622 991 673 1028 circa
687 1001 722 1027 an-

48 1072 97 1099 num
110 1058 159 1098 1166
170 1066 228 1098 natus
236 1060 348 1109 colligitur3
362 1072 422 1109 quem
431 1072 478 1098 uero
487 1072 540 1098 anno
553 1071 602 1108 1247
612 1061 632 1097 in
644 1070 724 1108 genera·

47 1131 85 1169 lem
109 1130 188 1169 Ordinis
211 1131 296 1169 electum
310 1142 371 1180 supra
393 1132 471 1170 ostendi
485 1129 494 1181 (
508 1133 522 1177 ).
540 1131 567 1169 De
588 1130 657 1168 ceteris
676 1130 722 1168 virae

47 1201 110 1250 ipsius
122 1201 225 1239 eventibus
239 1202 266 1239 ob
278 1200 380 1249 penuriam
392 1206 482 1239 veterum
497 1206 602 1239 auctorum
612 1200 723 1238 nonmodi-

49 1282 83 1310 cus
95 1272 153 1309 datur
160 1270 274 1320 ambigendi
288 1271 352 1309 locus.
513 1321 516 1323 μ

75 1340 177 1378 Menaldus
188 1339 227 1391 (B),
240 1340 336 1378 Bouchier
347 1339 381 1390 (C)
392 1346 412 1378 et
420 1341 488 1379 Baleus
495 1340 528 1391 (f)
539 1347 609 1378 nozant
619 1340 722 1378 Simonem

49 1423 59 1448 e
70 1410 141 1448 Kantia
151 1417 227 1452 ortum,
237 1410 273 1448 sed
282 1410 355 1458 quibus
364 1411 479 1459 parentibus
491 1422 531 1448 non
540 1416 630 1457 consto:
643 1410 723 1447 habuis-

50 1491 71 1519 se
85 1482 164 1518 fratrem
185 1485 232 1517 natu
250 1480 344 1529 majorem
362 1480 468 1518 Ricardum
486 1482 575 1524 nomine,
595 1481 629 1530 qui
642 1486 722 1518 mortuo

50 1557 104 1600 patre
115 1549 305 1588 administrationem
312 1550 412 1588 bonorum
423 1557 551 1599 paternorum
560 1551 648 1600 suscepit
656 1552 723 1593 (cerat

49 1620 75 1658 illi
88 1620 185 1659 rusticana
196 1620 270 1658 domus
282 1631 322 1658 non
337 1631 407 1669 parum
419 1632 429 1657 a
442 1621 566 1659 mendicitate
579 1621 668 1667 distans3
683 1626 724 1658 erat

49 1690 102 1728 enim
114 1690 185 1728 solitus
197 1690 290 1728 manibus
304 1691 379 1728 victum
391 1702 506 1740 quaerere»,
523 1691 549 1728 uit
566 1690 685 1738 bienaldus),
701 1701 724 1728 ac

49 1759 151 1799 Simonem
163 1760 271 1809 septimum
282 1760 409 1798 vitaeannum
421 1767 514 1810 agentem
523 1760 635 1811 (Bouchier,
645 1759 724 1810 Buleus)

50 1829 118 1868 litteris
128 1829 259 1868 imbuendum
269 1830 351 1868 curavit.
362 1830 505 1879 Qiinquennio
516 1831 583 1880 elapso
592 1829 722 1880 (Menaidust

49 1899 139 1950 biennio)
147 1899 216 1938 Simon
227 1899 349 1938 solitudinen
368 1906 437 1949 petens
448 1901 469 1938 in
480 1912 569 1939 concavo
582 1906 655 1939 trunco
667 1901 724 1938 arbo·

72 2081 94 2120 (1)
104 2080 177 2122 Specul.
190 2080 269 2121 Carmel,
282 2080 297 2120 t,
308 2080 346 2120 135,
355 2091 372 2114 n.
386 2080 426 2125 593.
438 2092 478 2125 sqq.
490 2082 557 2114 Eadem
569 2081 648 2115 babetur
656 2081 675 2114 in
683 2083 723 2115 Act.

52 2138 85 2172 SS.
99 2139 125 2172 ΙΙΙ
138 2139 182 2183 Maji
195 2138 213 2171 P.
231 2140 279 2181 bip:
292 2139 311 2172 iu
325 2138 389 2172 codiee
404 2140 495 2172 Vaticano
509 2140 551 2173 3813
568 2140 638 2182 (seculi
657 2140 724 2173 decimi

51 2196 110 2240 quinti
126 2197 213 2240 exeuntis}
228 2198 259 2231 toi.
281 2198 369 2232 rab-fib.
385 2199 408 2232 ci.
424 2199 511 2233 Analecta
524 2199 653 2239 Boliandiana,
669 2198 720 2234 Xi'ii

52 2266 88 2291 or).

73 2317 99 2359 (a)
112 2316 132 2349 P.
146 2317 186 2350 zib.
