1616 2703
87 135 126 183 '27‘8
339 142 340 146 ’
357 136 506 174 aouoaarroues

86 211 221 259 successorem
226 212 232 266 ,¹
241 213 348 271 ipsumque
357 214 446 271 regulam
458 221 482 259 ab
490 214 571 259 Alberto
580 212 708 270 impetrasses
716 214 761 269 quae

86 289 144 327 etiam
157 290 222 338 regula
231 280 267 339 ipsi
275 290 348 328 directa
359 290 403 335 fuit,
417 290 446 328 uti
458 290 477 328 in
487 289 583 339 principio
596 294 615 328 et
625 289 644 327 in
651 284 693 328 ¹ime
702 300 761 339 regu-

86 359 111 396 lae
129 358 219 408 explicite
230 359 306 397 dicitur.
323 359 416 397 Albertus
436 352 566 397 Vercellensis
589 358 608 397 in
631 358 760 409 patriarcham

86 419 287 479 Hierosolymita'num
299 439 333 477 per
344 428 480 466 innocentium
492 428 549 466 llldie
563 439 586 477 17
600 419 698 466 Februarii
711 438 759 476 1205

86 501 165 536 evectus
176 503 213 541 est,
227 498 261 536 sed
268 497 327 536 variis
339 497 424 547 negotiis
432 498 524 536 detentus
532 490 612 535 nonnisi
622 508 691 536 versus
700 497 759 536 finem

86 566 175 617 ejusdem
185 567 231 605 anni
240 566 384 615 transfretavit;
398 567 446 605 dum
459 566 580 616 processioni
593 567 613 605 in
625 568 675 606 testo
687 567 762 605 Exalta-

86 636 146 675 tionis
155 636 174 676 S.
196 637 264 675 Crucis
283 648 336 675 anno
358 648 407 685 1214
425 637 556 680 interesset‚a
573 636 660 686 quodam
679 636 761 675 homine

87 717 147 756 quem
157 706 181 744 de
191 706 232 744 suis
244 706 358 745 excessibus
368 711 478 745 correxerat
486 706 601 745 interfectus
613 711 650 744 est.
660 706 706 752 Qu>
715 717 761 745 vero

86 776 227 825 praeciseauuo
237 776 324 825 reguiam
337 775 402 814 tulerit
413 787 453 813 non
465 775 538 825 liquet3
550 776 575 813 ob
591 776 677 814 rationes
692 775 762 814 intrin-

87 845 141 884 secas
149 834 162 883 a
171 845 229 883 variis
241 845 359 894 proponitur
368 856 433 883 annus
448 856 505 883 1210.

113 915 211 953 Asserunt
220 914 308 952 Thomas
320 914 406 965 Bradley,
417 914 495 953 Bostius
512 918 531 952 et
541 914 693 965 Palaeonydorus
715 905 762 952 Bro-

87 984 168 1022 cardum
179 983 240 1021 luisse
249 984 331 1021 latorem
343 983 432 1032 epistolae
446 983 553 1021 innocentii
562 983 581 1021 lll
593 983 617 1021 ad
626 982 761 1032 Saphadinum

86 1041 155 1101 (Mallia
166 1041 303 1097 al-Muazzam)
312 1053 418 1091 soldanum
425 1052 522 1101 Damasci,
535 1044 578 1102 qua>
594 1052 660 1102 ipsum
672 1052 762 1091 obsecra-

87 1109 115 1161 vit
127 1134 152 1160 ne
161 1126 240 1171 propter
251 1122 358 1160 violentam
367 1113 502 1160 detentionem
515 1122 657 1172 Hierosolymae
675 1122 720 1171 plus
728 1122 762 1159 ad·
806 1152 807 1155 ,

83 1193 125 1230 ‘huc
134 1181 269 1230 effunderetur
278 1181 389 1241 sanguinis,
401 1195 420 1229 et
428 1182 451 1230 ut
459 1190 539 1229 Terram
550 1182 640 1229 Sanctam
655 1189 699 1229 Sedi
708 1191 763 1240 Apo-

87 1250 162 1299 stolicae
174 1261 269 1299 redderet.
279 1261 360 1299 Addunt
369 1261 446 1299 Bostius
453 1265 473 1299 et
481 1260 634 1311 Palaeonydorus
643 1252 762 1298 Brocardum

87 1329 164 1367 soldani
177 1329 427 1377 proregem'inJordanoa
446 1330 500 1378 lepra
519 1340 605 1374 curasse,
622 1321 733 1378 baptizasse
744 1334 763 1366 et
800 1340 803 1371 J

86 1388 167 1436 tandem
177 1397 196 1436 in
204 1397 317 1436 Carmelum
325 1398 406 1436 duxisse
412 1397 478 1447 ibique
487 1397 554 1436 habitu
561 1389 761 1446 religionisinduisse.
805 1400 807 1403 ”

87 1468 113 1505 At
125 1479 170 1504 cum
179 1478 238 1505 nemo
247 1479 316 1505 eorum
327 1467 360 1516 qui
372 1468 396 1505 de
411 1467 509 1516 legatione
523 1467 554 1505 illa
563 1471 647 1506 tractant
656 1478 722 1516 neque
734 1468 763 1506 ul·

86 1537 118 1575 lus
128 1548 138 1573 e
151 1536 224 1574 11051115
236 1541 282 1574 ante
293 1537 375 1586 Bradley
383 1542 403 1574 et
410 1536 499 1575 Bostium
510 1548 553 1574 earn
565 1536 662 1575 brocardo
671 1536 764 1575 attribue·

87 1605 133 1650 rint,
144 1617 165 1643 ac
173 1610 259 1643 ceterum
267 1605 396 1654 improbabile
405 1606 431 1644 sit
437 1606 543 1645 Albertum
550 1617 585 1655 pro
592 1606 625 1644 tali
633 1606 713 1655 negotio
723 1617 764 1644 ere·

87 1668 156 1713 mitam
164 1675 276 1724 deputasse,
283 1675 374 1725 exiguam
383 1674 430 1713 mihi
436 1675 478 1713 haec
484 1675 732 1724 videnturmererifidem(
746 1675 761 1724 1.

85 1744 87 1746 ’
114 1743 164 1782 Satis
173 1744 273 1793 probabile
282 1749 313 1782 est
324 1744 442 1782 Brocardum
455 1744 506 1782 circa
517 1755 592 1782 annum
614 1755 663 1781 1200
675 1744 694 1781 in
712 1743 764 1793 prio·

85 1821 128 1851 'rem
141 1812 224 1851 Carmeli
236 1814 321 1851 electum
333 1813 394 1851 tuisse
405 1818 472 1862 atque,
485 1813 513 1852 uti
526 1813 583 1851 habet
595 1813 677 1862 epistola
689 1813 762 1863 Cyrilli,

87 1968 125 1999 con,
133 1958 193 1991 idibus
204 1958 291 1992 Januarii
302 1969 359 2001 1171,
370 1959 419 2001 quod
431 1958 493 1992 saitem
503 1959 563 2002 quoad
576 1969 644 1992 annum
658 1958 764 1993 manifestus

87 2025 115 2050 est
124 2027 182 2050 error.

109 2078 131 2119 (1)
144 2075 171 2109 Ci
182 2075 283 2109 Roehricht
290 2076 373 2120 Regesta,
383 2076 402 2109 P.
413 2076 453 2117 232,
463 2086 480 2108 n.
490 2076 530 2119 864,
540 2075 571 2109 ubi
579 2075 632 2109 eriam
646 2076 729 2109 invenies
736 2075 764 2109 hi·

85 2134 160 2182 storiam
171 2133 225 2177 hujus
235 2133 330 2182 legationis
337 2145 377 2167 cum
386 2134 518 2178 bibliographia
530 2134 625 2178 locupleti,
637 2135 731 2169 lohannes
738 2146 765 2168 ar·

87 2192 213 2235 chiepiscopus
220 2182 346 2225 Cefaludensis
354 2192 432 2226 refertur
439 2193 535 2226 soldanum
544 2193 628 2226 Damasci
635 2194 723 2227 visitasse.
738 2195 765 2227 De
793 2185 808 2240 ᾗ)

87 2251 180 2284 Brocardo
186 2251 232 2284 inter
239 2259 275 2284 tam
282 2250 385 2295 frequentes
393 2259 477 2285 auctores
482 2251 545 2285 eadem
550 2251 571 2284 de
577 2262 596 2285 re
602 2251 659 2285 altum
665 2251 764 2285 tenetursi·
793 2252 803 2291 {f

85 2309 169 2342 lentium.
181 2309 292 2342 Laudandus
302 2309 376 2353 quidem
387 2318 414 2343 est
421 2310 470 2343 zelus
480 2309 538 2343 Bosrii
554 2317 571 2343 et
582 2307 660 2343 aliorum
670 2310 702 2354 qui
717 2321 765 2355 quae-

86 2378 165 2411 cumque
174 2367 240 2401 Ordiui
249 2368 351 2402 honorifica
364 2369 451 2412 putabant
460 2368 546 2402 audacter
552 2377 673 2410 asseruerunt,
685 2370 717 2402 sed
725 2369 765 2402 imi·

84 2427 154 2460 landus
167 2422 244 2461 nonest.
