1631 2703
93 134 129 173 160
345 169 347 173 Α
364 148 413 192 acra
422 147 492 177 caium.
503 172 504 175 ,

89 220 167 263 debent,
182 225 203 258 ut
214 220 240 258 ire
253 221 329 269 possint
343 221 367 258 ad
378 233 437 260 suum
453 222 590 270 provincialem
602 222 632 259 vel
644 221 755 270 generalem

89 289 119 325 vel
139 288 163 325 ad
180 289 272 327 uicarium
292 286 510 335 eorundem‚nralitiam
527 302 595 328 eorum
613 290 721 339 palliantes,
735 293 756 327 ut

89 356 157 394 mitius
168 358 298 406 corrigantur,
311 358 396 401 veniant,
413 350 518 396 statuimus
532 348 678 406 etordinamus
694 358 756 395 invio-

88 425 170 462 labiliter
181 426 289 480 observari,
303 431 325 463 ut
337 426 356 463 in
371 438 416 465 casu
426 438 466 475 quo
478 438 545 464 eorum
555 427 665 476 superiores
672 426 725 475 juste
737 431 756 462 et

88 493 153 530 debite
165 496 295 543 processerint
306 488 432 534 contratales
440 496 512 533 tratres
521 496 544 532 ad
556 506 603 533 suos
613 494 723 549 superiores
735 499 756 531 ut

89 561 214 610 praemittitur
226 562 332 617 venientes,
344 562 498 616 prena-simplex
507 575 551 611 quae
563 563 685 600 debeturtali
693 563 756 610 culpae

90 631 199 669 secundum
211 631 360 669 constitutiones
369 622 450 673 ordinis,
461 632 547 679 pensatis
559 618 678 679 qualitateet
694 641 756 679 quan·
805 636 807 638 '

89 698 274 747 titate⁴querelantis¹
285 704 308 746 ,et
317 685 478 748 subterlug'ientis
490 699 630 747 multipliectur
641 699 670 736 vel
682 699 706 736 ad
720 698 756 735 mi-

79 767 261 816 nus-duplicetur,
275 779 333 816 super
350 760 398 816 qua'r
405 767 566 815 multiplicatione
580 769 610 805 vel
624 767 766 815 duplicatione*

91 847 130 873 non
140 836 202 884 possit
211 835 319 884 dispensari
332 836 373 886 sine
381 819 456 888 licentia
468 835 537 883 prioris
544 835 678 883 generatisssi
690 840 755 873 autem

90 901 331 952 petitam'licentiam'non
346 893 466 941 obtinuerint
478 908 497 941 et
510 903 640 941 sinelicentia
657 903 756 941 adsuum‘

88 971 225 1021 provincialem
235 972 264 1008 vel
276 972 334 1010 alium
348 958 468 1021 superiorem
481 971 558 1018 iverint,
570 971 629 1009 modo
642 971 682 1019 quo
697 957 756 1019 supra
768 1011 769 1015 ,

86 1040 380 1089 immediate,estlexpressum,
394 1041 442 1078 ultra
460 1040 612 1089 duplicationem
630 1027 756 1077 sivemulti-

87 1107 211 1157 plicationem
219 1119 288 1157 poenae
300 1108 472 1162 quam-,sustinere
482 1104 605 1152 debuissent,
616 1119 664 1146 voce
680 1112 700 1145 et
711 1108 762 1145 loco.

87 1177 200 1215 immediate
212 1188 246 1225 per
257 1177 312 1215 illurn
321 1178 441 1230 superiorem
454 1177 480 1215 ad.
489 1189 549 1226 quem
561 1178 637 1215 vadunt
646 1165 753 1225 prirentur,
767 1199 769 1202 -

88 1245 204 1293 etilongius.
215 1245 255 1282 sive
269 1245 343 1283 diutius
358 1245 392 1282 illa
404 1256 462 1294 poena
471 1257 536 1294 *quarn
544 1244 593 1294 (Fol.
605 1245 652 1294 52b)
658 1244 755 1282 sustinere

88 1313 202 1351 debuissent
214 1313 365 1362 puniantur.·(1)

114 1381 133 1419 Si
148 1387 213 1420 autem
228 1387 295 1419 contra
305 1382 400 1420 directum
414 1370 533 1431 praeceptum
546 1386 565 1419 et
584 1393 699 1431 expressum
717 1381 756 1422 ive-

88 1450 133 1494 rint,
144 1450 213 1488 carceri
220 1450 356 1499 mancipentur
365 1451 389 1488 acl
395 1450 477 1498 gratiam
486 1451 537 1488 illius
546 1451 652 1499 superioris
661 1451 685 1488 ad
695 1462 763 1499 quem¹

88 1519 141 1555 venit
152 1520 182 1555 vel
192 1519 274 1555 veniunt
286 1518 346 1566 etqui
360 1530 405 1556 eum
422 1519 452 1555 vel
461 1530 495 1556 eos
507 1530 567 1567 poena
576 1519 658 1556 carceris
670 1518 753 1566 punivit,

88 1587 124 1624 nisi
136 1597 192 1625 casus
206 1586 284 1624 aliunde
295 1587 347 1624 aliud
360 1587 451 1635 requirat,
465 1593 484 1625 et
501 1587 636 1624 liberationem
653 1586 753 1636 impediat.

89 1667 103 1685 ,ι
113 1656 160 1692 ltem
173 1656 192 1693 in
205 1655 288 1706 Rubrica
300 1655 364 1692 XXXll
376 1656 400 1692 de
414 1655 473 1704 lapsis
483 1656 502 1693 in
515 1660 615 1704 peccatum
627 1655 689 1693 carnis
699 1661 718 1692 et
726 1656 756 1692 lu-

88 1724 166 1762 soribus
177 1724 258 1760 addatur
269 1735 273 1761 :
291 1724 416 1772 Qricumque
429 1724 488 1760 frater
499 1724 566 1761 luserit
577 1734 704 1771 quocumque
721 1735 756 1772 ge-

89 1804 134 1830 nere
146 1792 268 1830 ludorumt'in
281 1804 320 1840 quo
336 1797 399 1829 currat
409 1793 501 1840 pecunia,
515 1792 557 1829 libri
573 1794 603 1830 vel
616 1792 682 1836 rauba,
695 1793 756 1829 incar-

89 1865 164 1897 ceretur
180 1861 223 1908 ipso
240 1861 297 1902 tacto,
313 1865 332 1896 et
347 1859 476 1897 nihilominus
493 1860 580 1908 privetur
594 1860 687 1898 omnibus
698 1846 756 1897 bonis

90 1928 138 1967 suis.
381 1927 383 1930 '

101 2024 103 2027 v
116 1998 194 2034 ltemin
205 1997 287 2034 Rubrica
298 1997 367 2033 XXXV
380 1997 413 2033 ubi
424 1997 488 2044 agitur
503 1997 526 2033 de
537 1997 629 2033 canonica
641 1997 756 2044 purgatione

89 2065 210 2102 declaramus
221 2065 275 2113 quod
287 2055 503 2113 probabili'suspicione
514 2076 559 2112 quae
570 2064 660 2112 provenit
671 2076 694 2102 ex
707 2065 757 2102 mul-

89 2134 114 2172 tis
126 2134 196 2178 causis,
207 2138 226 2171 et
237 2135 356 2181 tamasuper
367 2134 397 2171 his
409 2138 514 2177 crescente,
522 2133 611 2181 purgatio
623 2134 716 2171 canonica
728 2134 756 2171 in-

88 2202 175 2240 dicatur„
188 2202 215 2239 De
232 2201 316 2239 violenta
328 2205 393 2238 autem
407 2197 521 2248 'suspicione
538 2200 675 2248 unusquisque
692 2200 757 2249 puniri

82 2273 156 2319 vpotest
163 2282 185 2308 ac
194 2270 210 2308 si
220 2270 322 2307 consessus
333 2268 390 2307 luerit
398 2269 429 2307 vel
441 2268 549 2312 convictus,
555 2272 614 2316 quarn
625 2268 756 2317 suspicionem

113 2410 142 2451 (1)
152 2408 179 2444 ef.
190 2419 244 2452 supra
254 2409 275 2445 Ρ.
285 2406 336 2453 pbip
346 2418 403 2452 marg,
