1631 2703
252 127 321 155 GENER.
339 127 380 154 An).
389 127 444 165 -1543
670 124 704 163 153

64 202 111 238 Item
120 201 234 242 ordinamus
245 201 300 249 quot
311 200 431 249 quieumrue
443 202 500 238 frater
512 200 573 238 nostri
588 199 662 238 ordinis
671 200 705 237 Pa-

39 269 103 319 rysius
115 269 188 307 venerit
200 269 273 306 ratione
285 269 344 306 studii
358 270 389 306 vel
404 269 461 306 tuerit
478 274 523 317 post
537 269 710 306 testum-Assume<

40 337 112 386 ptionis
122 349 156 386 per
164 328 208 375 octo
214 337 254 375 dies
262 342 323 375 totam
332 337 511 375 taxationem-dicto
518 337 623 374 couventui
630 337 706 374 solvero
718 362 725 368 «

39 410 135 447 teneatur,
149 406 185 443 nisi
197 406 324 453 ipsum‘morl
349 406 453 454 contigerit
464 406 512 442 intra
524 406 575 442 duos
587 405 706 447 menses-„tn

40 485 136 522 quocasu
153 474 247 512 volumus
264 475 329 511 solum
342 474 396 522 quod
413 474 476 511 solvat
488 485 522 522 pro
534 473 706 524 quolibetmenso

40 554 102 579 unum
112 543 217 580 llorenum.
228 543 323 581 Eximitur
335 548 400 580 autem
410 543 434 579 ub
446 544 481 580 hue
492 542 706 579 ordinationebiblicus

39 616 83 647 actu
96 612 161 659 legens
172 616 192 648 et
203 611 261 648 habet
273 611 365 648 lectiones
377 622 423 648 suas
431 611 534 648 continuas
544 621 608 658 usque
619 610 643 646 ad
651 609 707 646 Nati-

39 674 118 735 vitutem
131 680 192 717 beatae
200 680 270 724 Mariae,
279 685 303 717 et
312 680 403 729 mugister
415 679 448 728 qui
461 680 519 717 habet
528 690 662 723 successorem
676 678 707 715 cui

38 738 166 785 concedimus
175 749 228 796 quod
239 749 301 797 possit
310 754 360 786 stare
372 760 406 797 per
414 749 469 786 duos
477 759 555 785 menses
564 746 707 797 Parysiussine

38 808 191 863 contributione,
205 823 310 866 postquam
323 818 411 855 habuerit
423 823 523 870 regentem
538 828 704 854 successorem:⁴

65 886 111 922 ltem
123 887 216 923 volumus
226 893 245 923 et
256 887 437 935 ordinamus‘quod
449 887 515 924 nullus
527 886 560 934 qui
573 886 592 922 in
602 890 723 933 posterum·
768 919 769 922 ,

40 954 148 991 venerit-de
161 955 226 993 studio
236 951 344 1005 Parysi'ensi
356 961 403 993 ¹ante
414 961 453 993 tres
470 966 533 992 annos
547 955 577 991 vel
594 954 645 992 duos
662 965 707 991 cum

38 1023 119 1061 dimdio
138 1025 247 1072 completos
267 1024 292 1062 sit
307 1025 367 1061 lector
379 1025 398 1061 in
422 1029 489 1062 nostro
505 1024 580 1066 ordine,
602 1034 638 1060 nec
660 1034 708 1071 gau·

39 1086 197 1141 dent-privilegio
215 1092 291 1131 lectoris
303 1093 361 1130 etiam
374 1105 419 1131 cum
432 1093 508 1130 licentia
519 1093 589 1141 prioris
600 1092 717 1141 generalis?

40 1161 69 1198 vel
78 1161 180 1198 vocatione
192 1161 222 1199 sui
232 1161 301 1210 prioris
313 1161 443 1210 provincialis,
457 1173 494 1199 nec
508 1161 571 1210 possit
582 1161 606 1199 ad
622 1160 705 1210 gradum

40 1228 179 1267 bachalarlatus
191 1230 221 1267 vel
233 1230 338 1279 magisterii
350 1230 369 1267 in
381 1230 570 1280 studio'Parysiensi
584 1230 604 1267 in
617 1230 711 1271 facultate

39 1297 142 1346 theologiae
151 1298 170 1335 in
183 1302 284 1346 posterum
296 1299 414 1347 promoveri.
701 1305 703 1336 j

49 1386 51 1391 ·
66 1367 112 1404 ltem
122 1367 203 1405 addatur
215 1367 299 1405 ibidem:
309 1368 429 1406 Ordinamus
441 1368 494 1416 quod
500 1368 572 1406 nullus
580 1367 662 1405 studens
674 1378 708 1416 per
722 1397 724 1400 .

40 1433 124 1483 priorem
133 1436 243 1484 generalem
257 1436 280 1473 de
291 1436 352 1484 gratia
364 1437 394 1474 vel
406 1436 430 1474 ad
442 1447 507 1485 preces
527 1436 671 1485 cujuscumque
682 1436 720 1477 ad

40 1504 128 1556 studium
148 1504 260 1555 Purysiense
283 1510 394 1553 promotus,
415 1517 479 1543 a'suu
492 1505 589 1554 provincia
610 1516 706 1553 expensas

40 1561 116 1617 liabent,
133 1573 170 1610 nisi
186 1573 244 1621 priori
263 1573 374 1622 provinciali
387 1575 416 1611 vel
437 1574 522 1622 capitulo
530 1574 646 1622 vprouinciali
658 1584 706 1612 suae

41 1640 144 1689 provineiae
156 1642 244 1680 videatur
255 1642 352 1690 expedire.

66 1710 117 1747 ltem·
123 1710 274 1749 constitutiones
281 1717 300 1748 et
308 1711 441 1749 ordinationes
450 1711 496 1749 alius
504 1723 639 1761 quascumque
646 1712 705 1749 factas

39 1778 178 1817 in‘conventu
195 1780 302 1830 Parysiensi
316 1792 358 1829 ,per
374 1780 510 1818 Reverendum
529 1781 604 1818 Patrem
620 1781 705 1818 Fratrem
721 1809 724 1812 ι

39 1848 115 1885 Petrum
127 1848 151 1886 R.
163 1846 194 1898 (1)
210 1848 294 1886 Priorem
312 1849 428 1887 Generulem
439 1849 481 1888 istis
499 1861 538 1887 non
556 1849 712 1898 contrariasapss·

38 1917 146 1965 probamus
157 1923 177 1955 et
189 1918 306 1956 ratificamus
314 1923 334 1956 et
342 1919 436 1957 volumus
450 1919 585 1957 inviolabiliter
596 1918 703 1960 observari.

64 1986 110 2023 ltem
122 1985 141 2023 in
151 1986 218 2024 eadem
230 1987 305 2025 rubrica
314 1988 402 2032 addatur,
416 1988 470 2036 quad
483 1988 640 2038 nullusscolu'ris
657 1997 704 2036 prov

39 2048 106 2092 motus
117 2061 170 2093 extra
178 2067 234 2094 suam
243 2056 364 2105 provinciam
377 2056 396 2094 in
409 2057 474 2095 studio
485 2057 570 2106 generali
582 2056 645 2106 possit
657 2065 707 2105 pro·v

38 2124 111 2161 moveri
121 2124 217 2174 Rarysius,
228 2125 265 2163 nisi
278 2126 341 2174 primo
349 2126 418 2175 legerit
429 2126 449 2163 ln
458 2137 493 2164 sut
502 2126 600 2174 p‘orincia
611 2125 702 2175 tegna-n

38 2202 108 2229 novam
118 2194 148 2230 vel
157 2193 301 2242 philosophiam
312 2195 426 2241 naturalem,
437 2195 545 2232 scolaribus
559 2194 702 2244 provinciarum
718 2224 719 2227 ,

37 2261 145 2300 insularum
153 2263 259 2301 >dumtaxat
268 2264 361 2312 exceptis.

59 2401 81 2444 li)
93 2401 156 2435 Petrus
167 2402 263 2435 Raimundi
273 2403 295 2436 de
304 2404 379 2439 terassa.
436 2416 438 2438 ;
460 2434 463 2438 .
