1631 2703
248 144 316 172 neuen.
327 145 347 172 a.
358 144 376 171 n.
391 132 446 185 1362.
652 145 689 186 179

46 218 97 254 ltem
109 218 146 271 sub
158 218 224 256 eadem
237 228 296 267 poena
308 218 440 268 praecipimus,
462 210 516 268 quod
536 218 617 268 quilibet
630 206 687 258 irater

20 271 170 335 ordinisport'et
181 274 266 325 iunicum
279 292 298 324 et
304 288 402 337 scapulare
412 298 489 337 magnae
498 286 605 326 latitudinis
617 272 688 326 secun-

19 348 67 391 durn
79 356 244 393 consuetudinem
256 356 339 404 primam
350 356 459 405 antiquam.

47 424 93 461 ltem
104 426 123 461 in
135 410 217 462 Rubrica
229 426 252 461 de
269 425 339 462 studiis
351 430 369 462 et
385 424 511 462 studentibus
521 429 611 471 ponatur,
632 425 686 473 quod

21 492 111 541 Parysius
133 493 158 530 sit
177 504 254 542 semper
271 504 324 530 unus
347 492 439 541 magister
458 502 537 536 vacans,
555 503 615 541 quern
633 493 685 542 prior

21 562 116 609 generalis
128 562 234 600 instituerit
245 562 317 599 ibidem
327 562 405 599 morari.

48 631 68 667 ln
78 631 134 679 cujus
144 631 170 667 rei
181 631 316 668 testimonium
329 631 416 678 sigillum
429 631 489 668 nostri
498 631 622 678 generalatus
632 630 690 682 offleii

22 701 153 750 praesenribus
165 704 194 737 est
204 699 331 748 impressum.
483 702 485 704 ’

48 770 119 807 Datum
137 769 244 816 Burdigalae
255 766 314 811 anno]
328 767 359 804 die
369 768 441 815 quibus
451 779 518 816 supra.

49 980 99 1025 (Fol.
118 979 164 1027 57b>
173 979 223 1017 lsne
234 989 282 1016 sunr
294 989 456 1016 eousnrunonrs
470 989 535 1016 encra
545 990 579 1017 ven
590 979 693 1017 Reveren-

25 1059 63 1086 oun
70 1048 147 1086 Pernen
156 1048 240 1086 peronen
249 1058 361 1086 oenennrevr
371 1058 394 1084 er
409 1058 529 1085 oenvnones
541 1058 622 1086 caenon
634 1058 693 1085 oene-

28 1126 78 1154 nnus
86 1115 175 1154 nevius
184 1125 291 1158 celennan,
302 1124 354 1152 anno
364 1115 434 1153 Donnnr
444 1115 563 1153 MCCCLllll.
576 1116 606 1162 (1)

51 1232 97 1269 ltem
108 1231 127 1268 in
134 1228 217 1269 Rubrica
226 1231 238 1268 ll
250 1230 281 1282 (2)
291 1230 396 1279 postillam
408 1230 569 1268 constitutionem
579 1230 695 1269 lemannus

22 1301 77 1347 prior
89 1311 119 1337 res
141 1300 237 1343 notabiles,
251 1299 345 1337 addatur:
367 1300 414 1336 ltem
435 1299 560 1347 praecipimus
582 1298 601 1336 in
625 1282 695 1337 virtute

26 1375 99 1407 sanctae
114 1368 233 1406 obedientiae
250 1368 342 1406 omnibus
369 1368 465 1417 prioribus
478 1368 571 1406 localibus
591 1364 610 1406 et
627 1351 696 1407 eorum

26 1437 195 1482 conventualibus,
210 1437 243 1485 qui
255 1438 292 1474 sub
304 1437 340 1474 illis
350 1442 414 1479 erunt,
428 1447 452 1473 ne
460 1437 545 1474 vendant
557 1437 580 1474 ad
592 1437 652 1474 vitarn
665 1439 696 1474 vel
722 1429 727 1434 ’
764 1427 768 1430 ’

27 1510 120 1554 perpetuo
133 1506 209 1553 aliquos
222 1505 308 1542 redditus
323 1505 364 1542 sive
385 1505 472 1553 pecuniae
481 1506 511 1542 vel
523 1505 619 1553 portionis
631 1511 695 1550 certae,

26 1576 56 1611 vel
66 1574 147 1623 alicujus
157 1574 235 1611 alterius
248 1574 273 1610 rei
284 1579 336 1611 extra
348 1574 445 1617 ordinem,
458 1573 493 1610 nisi
504 1573 557 1621 prius
569 1574 634 1611 habito
650 1585 697 1611 con-

27 1654 87 1681 sensu
107 1643 175 1691 prioris
190 1642 319 1691 provincialis,
336 1646 355 1679 et
366 1641 443 1690 capituli
454 1642 577 1690 provincialis
589 1642 620 1679 vel
633 1643 695 1681 solius

27 1710 156 1759 provincialis,
169 1710 202 1748 ubi
214 1710 256 1748 sine
266 1710 338 1747 dunrno
349 1709 427 1747 notabili
442 1714 552 1748 conventus
572 1721 612 1748 non
625 1711 696 1759 poterit

26 1784 126 1827 expectare
140 1790 260 1817 consensum
268 1779 345 1827 capituli
355 1778 484 1827 provincialis,
496 1779 623 1827 prohibentes
635 1779 695 1828 priori

27 1847 140 1896 provinciali
149 1853 168 1886 et
179 1848 263 1896 capitulo
276 1847 394 1896 provinciali,
414 1858 438 1884 ne
458 1858 578 1885 consensum
598 1849 628 1885 vel
640 1847 697 1885 licen-

26 1917 73 1954 tiam
85 1917 133 1954 dent
143 1928 202 1965 super
214 1917 328 1965 praemissis,
348 1916 385 1954 nisi
397 1928 432 1965 pro
444 1917 527 1955 emendo
548 1916 613 1965 aliquo
628 1917 694 1965 spacio

25 1991 89 2031 terrae,
102 1987 133 2024 vel
150 1985 235 2035 hospitio
253 1985 358 2023 conventui
370 1985 403 2023 tali
417 1985 518 2024 manifeste
530 1986 645 2029 necessario,
657 1987 695 2024 sub

29 2066 88 2103 poenn
100 2054 213 2104 privationis
223 2055 260 2092 loci
273 2059 291 2091 et
300 2055 361 2092 vocis.

54 2124 100 2161 ltem
119 2124 236 2162 mandamus
254 2125 291 2162 sub
304 2134 362 2172 poena
374 2123 442 2160 eadem
458 2123 555 2171 prioribus
569 2123 698 2171 quibuscum·
715 2124 724 2156 f

29 2204 68 2241 que
79 2197 98 2230 et
116 2193 251 2237 conventibus,
272 2204 295 2230 ne
307 2192 363 2230 alicui
383 2192 435 2229 fratri
448 2192 522 2230 ordinis
536 2192 596 2229 nostri
612 2178 699 2231 vendant

49 2319 76 2360 (ι)
89 2317 121 2351 Die
133 2318 248 2351 Pentecosres
265 2328 305 2361 quae
317 2318 373 2350 erar5
388 2317 396 2350 J
400 2315 443 2349 unii.
455 2318 498 2349 Acta
508 2316 547 2349 hfec
556 2317 590 2349 alia
601 2318 633 2350 sed
642 2318 698 2360 pessi-

31 2380 60 2403 ma
70 2381 123 2403 manu
133 2379 211 2403 exarata.

53 2423 81 2466 (2)
93 2434 111 2456 n.
124 2424 138 2456 5.
158 2442 160 2447 ν
