1616 2703
61 72 99 123 316
325 81 485 113 rrnromrreaas¹

59 159 92 204 ris,
113 159 166 198 unde
183 169 298 209 cognomen
316 157 391 197 dicitur
404 162 508 197 mutuasse
524 155 556 209 (1)
577 157 648 207 (prope
659 157 736 196 Hulne:

58 227 154 267 Bouchier
163 232 182 266 et
191 227 310 278 Menaldus),
323 228 385 265 vitani
398 226 553 265 anachoreticam
561 226 601 275 egit
610 224 735 278 (Menaldus:

59 308 94 345 per
104 297 222 344 duodecim;
239 296 323 345 Segerus
337 296 390 334 Pauli
402 306 436 345 per
452 295 574 345 quindecim,
588 295 689 334 moderni:
703 307 737 344 per

59 365 128 415 viginti
140 364 225 417 annos);
235 376 276 415 qno
285 369 376 414 tempore
388 376 459 403 canum
470 364 579 403 ministerio
586 364 680 403 divinitus
689 375 738 403 enu-

59 435 118 474 tritus
128 436 164 474 luit
175 434 213 487 (sic
222 435 307 485 Segerus
317 434 369 473 Pauli
378 439 397 473 et
406 434 504 478 moderni,
521 434 556 472 sed
572 433 648 478 Grossi,
662 445 737 485 anony-

61 515 106 542 mus
115 516 175 553 quem
188 516 247 553 supra
255 504 317 542 littera
331 505 345 542 E
359 503 468 552 designavi,
488 503 590 547 Boucbier,
603 504 707 542 Menaldus
719 508 738 541 et
803 500 805 504 ’

60 572 130 611 Baleus
141 573 239 622 quosdam
255 572 348 611 homines
355 572 392 621 ipsi
405 571 527 610 ministrasse
538 570 634 622 tradunt).
648 571 738 620 Legenda
803 595 805 625 3

60 641 150 680 breviarii
159 643 200 691 (D),
213 652 327 692 anonymus
334 641 365 692 (E)
377 648 396 679 et
407 640 492 690 Segerus
500 641 552 679 Pauli
560 640 641 690 insuper
651 642 738 680 referunt

61 710 163 749 Simonem
177 711 263 748 Verbum
287 710 321 748 Dei
341 710 483 759 praedicaturus
501 710 594 759 Angliam
609 711 739 759 perlustrasse
801 739 803 742 >

60 790 100 818 non
113 779 156 818 sine
167 780 242 829 ingenti
254 779 378 817 audientium
391 780 488 828 prosectu.
504 779 593 829 Denique
605 790 651 818 cum
661 778 738 817 intelle·
800 789 802 821 ς

60 849 122 887 xisset
130 851 175 897 (per
184 848 279 887 nuntios:
290 853 313 887 ut
322 849 378 887 aiunt
386 848 486 895 Jobannes
497 848 573 892 Grossi,
584 848 664 898 Egidius
673 848 736 893 Fabri,
800 855 801 867 ³

60 926 173 968 anonymus
188 918 208 962 E,
227 917 313 967 Segerus
324 917 390 966 Pauli3
403 918 434 956 vel
451 929 475 956 ex
487 918 613 962 revelatione,
632 923 655 956 ut
671 917 739 956 dicunt
799 914 803 962 J

60 986 150 1037 Legenda
156 987 178 1031 l),
189 986 300 1034 Menaldus,
307 986 403 1024 Bouchier
411 992 430 1024 et
437 986 635 1038 Baleus)Carmelitas
643 986 736 1036 Angliam
798 1009 800 1030 ;

60 1055 162 1106 appulisse
177 1066 220 1094 sese
232 1055 280 1105 ipsis
294 1055 385 1105 adjunxit
401 1054 430 1105 (et
442 1056 523 1104 quidem
539 1056 672 1106 Aylesfordiae
682 1057 738 1095 aiunt

61 1125 162 1170 uouemer,
180 1125 282 1163 Menaldus
295 1129 314 1162 et
325 1123 410 1175 Baleus).
428 1125 497 1164 Postea
512 1125 610 1163 Oxoniam
623 1125 736 1164 studiorum
751 1132 753 1134 ’
796 1118 800 1132 ³

60 1205 118 1233 causa
131 1194 205 1232 missus
215 1192 371 1244 subducendus
381 1199 399 1232 et
405 1194 509 1243 Bouchier)
519 1195 552 1232 ubi
561 1206 646 1233 renuens
656 1195 737 1244 quidem
796 1240 797 1243 Ἴ

60 1262 173 1315 (boucbier)
185 1263 219 1301 sed
243 1262 344 1312 magistris
356 1263 505 1301 Oxoniensibus
518 1263 684 1312 compellentibus
694 1264 738 1311 (au-
796 1257 798 1259 “

60 1338 126 1371 ctores
140 1332 239 1380 moderni)
251 1332 419 1370 baccalaureatunn
431 1333 524 1381 suscepit.
539 1333 624 1371 Addunt
633 1334 737 1372 Menaldus

60 1402 154 1440 etBaleus
166 1401 233 1450 ipsum
245 1400 331 1439 invitum
340 1400 389 1439 circa
400 1401 464 1440 aetatis
473 1413 549 1440 annum
561 1402 736 1451 quadragesimum
792 1411 796 1455 g

60 1471 85 1509 ad
97 1470 244 1520 presbyteratus
256 1470 346 1508 ordinem
359 1474 449 1509 evectum
458 1471 528 1509 tuisse.
538 1471 627 1520 Denique
636 1472 737 1522 Aylesfor-
792 1488 796 1505 ι

60 1540 98 1578 diae
113 1541 132 1578 in
145 1539 261 1577 Generalem
269 1540 343 1578 electus
354 1540 482 1588 (miraculose
493 1540 549 1579 aiunt
559 1540 659 1587 lohannes
667 1540 736 1580 Grossi

60 1614 80 1647 et
91 1619 206 1658 anonymus
218 1608 247 1657 Ε),
266 1608 348 1647 Ordinis
355 1610 443 1658 regulam
457 1620 491 1659 per
502 1609 610 1648 Summum
622 1610 736 1649 Pontificem

61 1677 165 1728 approbari
174 1677 255 1716 curavit.
269 1677 344 1715 Ordine
356 1678 381 1716 ob
391 1679 548 1726 persecutionem
562 1678 682 1727 periclitante
693 1679 738 1717 Sca·

62 1748 130 1796 pulare
138 1758 149 1784 e
158 1746 252 1785 manibus
264 1746 284 1784 B.
296 1746 320 1785 V.
331 1746 396 1784 Mariae
405 1747 480 1796 accepit
486 1747 550 1796 (juxta
562 1759 633 1786 omnes
648 1753 737 1787 auctores

61 1820 133 1865 praeter
147 1817 280 1865 fragmentum
293 1815 447 1867 Swanyngtonii
461 1817 516 1866 quod
533 1816 686 1865 promissionem
703 1817 737 1856 na·
789 1816 797 1856 s}

60 1885 111 1924 bitui
130 1884 271 1934 qualicumque
288 1896 386 1924 annexam
404 1886 471 1935 refert)
487 1897 510 1924 ac
527 1885 616 1936 pluribus
638 1886 737 1926 miraculis

61 1954 136 2000 claruit,
146 1955 197 1992 inter
206 1965 250 2003 quae
260 1954 300 1992 duo
309 1959 456 2000 enumerantur,
468 1966 539 2004 nempe
554 1967 599 1994 cum
612 1956 694 1995 missarn
707 1969 737 1995 ce·

61 2024 136 2063 lebrare
142 2025 200 2062 vellet
211 2035 233 2061 ac
243 2028 351 2073 utrumque
361 2025 461 2062 urceolum
471 2036 522 2074 aqua
528 2025 610 2074 plenum
621 2031 674 2065 esset
687 2024 738 2077 (dae-

62 2094 128 2133 monis
137 2095 216 2142 astutia,
226 2094 336 2133 secundum
344 2093 440 2144 Segerum
446 2094 497 2134 Pauli
504 2099 524 2133 et
529 2095 656 2148 recentiores)
664 2108 736 2146 aquam

84 2253 105 2296 (r)
118 2252 173 2294 Quod
181 2251 226 2285 mihi
238 2251 312 2296 quidem
319 2262 434 2296 nequaquam
447 2264 554 2297 persuasum
564 2263 597 2288 est.
