1631 2703
332 155 406 185 nudula
684 157 704 194 ยน5

29 239 48 272 et
57 235 120 282 culpae
130 233 226 274 Fratrum,
241 232 256 269 si
267 243 311 280 quae
321 232 340 268 in
353 232 418 280 aliquo
431 231 558 280 deprebensae
571 230 649 275 tuerint,
660 232 705 268 cha-

30 304 84 342 ritate
97 302 160 341 media
173 302 304 351 corrigantur.

259 408 286 445 De
293 418 366 454 jejumo
375 408 477 446 Fuaraun.

53 520 153 570 jejunium
166 519 250 569 singulis
262 519 338 563 diebus,
358 519 444 568 exceptis
462 519 572 562 dominicis,
586 520 703 565 observetis,

30 605 39 629 a
53 592 103 629 testo
121 589 247 628 Eraltatlonis
259 595 332 628 sanctae
344 589 411 628 Crucis
424 600 488 638 usque
498 590 522 627 ad
535 589 586 627 diem
601 590 706 628 Resurrec-

30 660 90 699 tionis
110 659 224 704 Dominicae,
239 659 276 698 nisi
294 658 398 698 infirmitas
413 659 443 696 vel
461 659 551 697 debilitas
564 660 652 709 corporis
673 665 706 698 aut

30 730 65 769 alia
73 731 125 780 justa
137 740 196 767 causa
208 729 305 779 jejunium
318 729 367 767 solvi
380 729 468 774 suadeat,
485 729 531 778 quia
547 728 653 768 necessitas
666 741 706 768 non

31 799 89 838 habet
99 799 172 849 legem.

232 900 259 938 Dr
277 910 398 939 assuritana
413 911 505 939 cAltltlunl.

60 1019 91 1057 Ab
104 1029 139 1057 esu
149 1018 236 1056 carnium
249 1018 370 1062 abstineatis,
384 1017 421 1056 nisi
437 1030 471 1067 pro
481 1017 600 1056 infirmitatis
613 1019 642 1055 vel
654 1017 709 1055 debi-

33 1088 90 1126 litatis
108 1087 195 1125 remedio
212 1093 323 1126 sumantur.
337 1087 359 1124 Et
370 1087 417 1136 quia
431 1099 467 1125 vos
486 1093 564 1136 oportet
583 1088 707 1136 frequentius

34 1157 144 1195 mendicare
156 1157 277 1200 itinerantes,
292 1169 317 1195 ne
329 1156 371 1195 sitis
383 1156 495 1206 hospitibus
508 1157 594 1202 onerosiy
608 1162 661 1195 extra
673 1157 708 1194 do-

34 1239 78 1265 mus
87 1232 162 1265 vestras
172 1238 251 1265 sumere
264 1225 313 1277 (Fol.
332 1231 363 1276 5a)
373 1226 461 1276 poteritis
474 1228 575 1276 pulmenta
587 1232 641 1265 cocta
661 1238 706 1265 curn

33 1297 130 1342 carnibus,
144 1298 178 1335 sed
190 1301 209 1335 et
219 1296 310 1335 carnibus
318 1308 376 1346 supra
383 1308 436 1335 mare
444 1296 496 1335 vesci
504 1297 575 1335 licebit.

191 1416 351 1455 Exuournrroufis
365 1426 388 1454 ET
400 1426 548 1454 auntoulrloues.

59 1533 109 1579 Quia
121 1545 168 1572 vero
177 1533 260 1572 tentatio
267 1538 297 1572 est
308 1533 441 1572 vitahominis
453 1538 601 1582 superterram,
613 1537 631 1570 et
640 1544 710 1571 omnes

35 1603 68 1651 qui
80 1604 150 1641 volunt
167 1603 197 1652 pie
209 1604 275 1641 vivere
289 1604 309 1641 in
319 1603 404 1646 Christo,
425 1604 583 1652 persecutionem
601 1602 709 1652 patiuntur,

35 1672 156 1710 adversarius
169 1684 250 1722 quoque
266 1678 331 1711 vester
348 1672 445 1716 diabolus,
459 1678 561 1721 tamquam
579 1673 609 1710 leo
622 1672 708 1722 rugiens,

35 1741 102 1780 circuit
119 1753 215 1799 quaerens
230 1754 289 1790 quem
308 1742 394 1788 deuoret,
409 1742 464 1794 omni
484 1741 616 1780 sollicitudine
636 1742 711 1780 induite

35 1816 131 1849 armatura
140 1812 181 1857 Det
193 1817 215 1849 ut
227 1812 307 1860 possitis
320 1819 370 1849 stare
382 1812 477 1850 adversus
487 1812 568 1849 insidias
580 1811 660 1849 inimici.
674 1813 712 1849 Ac-

35 1879 125 1929 cingendi
138 1885 185 1918 sunt
194 1881 257 1919 lumbi
269 1881 363 1919 castitatis
380 1881 467 1930 cingulo,
482 1881 613 1919 muniendum
626 1886 655 1919 est
667 1891 712 1928 pec-

35 1953 67 1986 tus
76 1950 229 1998 cogitationibus
239 1951 320 1994 sanctis,
331 1951 428 1999 scriptum
437 1956 467 1988 est
474 1951 527 1988 enim
537 1950 635 1998 Cogitatio
645 1956 711 1988 sancta

35 2019 120 2057 servabit
129 2025 154 2057 te.
169 2020 268 2058 lnduenda
280 2025 310 2058 est
319 2019 378 2058 lorica
388 2020 476 2069 justitiae,
490 2024 512 2057 ut
524 2019 631 2057 Dominum
647 2019 710 2057 Deum

35 2092 122 2126 vestrum
135 2100 159 2127 ex
169 2093 211 2126 toto
223 2089 288 2137 corde,
302 2093 321 2126 et
332 2101 356 2127 ex
368 2094 409 2127 tota
421 2089 486 2127 anima
499 2094 518 2126 et
529 2093 569 2126 tota
582 2089 654 2126 virtute
670 2087 713 2125 dili-

35 2156 92 2203 gatis,
107 2162 126 2195 et
135 2157 247 2206 proximum
258 2163 346 2196 vestrum
359 2162 461 2206 tamquam
469 2169 505 2195 vos
518 2158 579 2205 ipsos.
588 2156 711 2196 Sumendum

36 2225 96 2263 estin
108 2227 203 2265 omnibus
213 2232 291 2265 scutum
303 2227 362 2270 Fidei,
373 2227 393 2265 in
406 2238 446 2276 quo
456 2227 537 2276 possitis
550 2227 616 2264 omnia
626 2227 663 2264 tela
680 2237 713 2263 ne-

37 2293 127 2340 quissimi
139 2296 197 2345 ignea
207 2296 336 2344 extinguere:
352 2296 395 2333 sine
410 2296 456 2333 Fide
476 2296 528 2333 enim
545 2295 668 2343 impossibile
683 2301 713 2333 est
769 2345 772 2349 .

37 2361 111 2408 placere
123 2365 170 2403 Deo.
186 2365 245 2403 Galea
257 2377 338 2414 quoque
349 2365 418 2403 salutis
435 2364 492 2414 capiti
508 2364 629 2413 imponenda
641 2370 672 2402 est
690 2371 712 2402 ut

37 2430 61 2467 de
75 2434 118 2471 solo
130 2434 229 2473 Salvatore
236 2435 318 2484 speretis
329 2435 420 2482 salutem,
428 2435 462 2483 qui
474 2435 552 2472 salvum
563 2435 606 2472 tacit
616 2434 711 2482 populum
