1631 2703
101 79 107 105 l
115 79 137 106 12
353 81 513 111 CONSTlTUTlOllES

97 152 163 191 Maria.
176 151 195 191 6.
214 154 260 192 Item
274 155 389 194 ordinamus
403 157 457 205 quod
469 168 504 206 pro
516 156 580 206 priore
593 157 678 206 generali
693 161 711 195 et
722 158 764 208 ejus

97 211 162 267 sociis,
175 229 194 260 et
209 234 243 271 pro
255 230 381 272 procuratore
395 226 488 274 generali,
505 237 581 264 necnon
593 231 612 263 et
629 237 664 275 pro
677 237 765 275 procura-

96 295 139 328 tore
158 292 253 330 Romanae
265 292 328 331 Curiae
339 294 400 331 nostri
412 295 486 333 ordinis
495 306 540 332 curn
554 294 679 342 decesserint,
692 307 725 344 per
734 300 764 332 to-

97 365 140 397 tum
155 361 243 398 ordinem
256 360 306 400 sicut
317 374 353 410 pro
367 363 426 400 fratre
437 363 540 412 cujuslibet
552 363 657 412 provinciae
676 363 764 402 debitum

97 429 223 477 exequiarum
244 431 304 467 modo
321 437 416 468 consueto
436 432 565 480 persolvatur.
586 433 632 469 ltem
650 432 716 470 narde
726 433 764 481 pri-

97 498 164 537 oribus
176 498 327 548 provincialibus
339 504 358 537 et
369 511 437 537 eorum
447 500 505 538 sociis
517 500 611 539 euntibus
620 500 643 538 ad
658 500 764 549 capitulum

97 569 186 616 generale
198 568 228 605 vel
241 568 368 606 redeuntibus
385 569 409 606 ab
422 570 498 607 eodem.

125 646 144 685 7.
159 637 206 675 ltem
217 637 311 675 volumus
321 638 376 686 quod
392 638 460 675 iratres
474 637 552 687 possint
569 638 629 676 libros
640 649 688 676 suos
699 642 719 676 et
730 638 766 676 alia

98 706 206 754 personalia
228 706 252 743 ab
271 706 338 744 amicis
356 707 385 744 vel
411 707 524 755 parentibus
542 707 650 755 specialiter
671 707 764 755 acquisita

98 761 149 813 aliis·
159 774 250 813 iratribus
262 776 292 812 vel
313 775 442 813 conventibus
465 775 587 823 distribuere,
600 787 637 814 suo
654 775 718 824 priore
730 776 766 814 hoc

98 843 177 888 sciente,
191 848 213 881 ut
223 844 247 881 ab
259 843 332 882 eisdem
345 843 437 882 iratribus
446 845 475 882 vel
491 844 622 883 conventibus
636 844 708 893 quibus
723 844 765 883 libri

98 911 213 962 hujusmodi
225 912 323 950 distributi
335 912 414 957 ruerint,
427 913 583 951 emolumentum
596 913 705 951 animarum
718 914 766 951 reci-

98 981 151 1030 piant
163 981 182 1018 in
199 981 308 1019 novissimo
325 981 370 1019 vitae
382 992 430 1020 suae.
443 982 469 1019 lta
486 981 589 1019 dumtaxat
600 982 654 1031 quod
666 983 723 1019 frater
735 982 765 1020 eui

98 1050 214 1099 relinquitur
232 1050 276 1088 talis
287 1050 341 1094 liber,
355 1050 449 1098 recipiens
461 1051 526 1099 ipsum
538 1050 618 1095 librum,
632 1050 664 1087 det
681 1051 764 1088 litteram

97 1118 248 1157 testimonialem
258 1119 283 1156 illi
295 1119 400 1157 conventui
410 1119 434 1156 de
442 1119 498 1168 cujus
505 1118 594 1165 terminis
602 1120 659 1157 irater
670 1119 765 1157 decedens

98 1189 191 1226 asseritur
199 1188 301 1233 oriundus,
312 1188 367 1237 quod
376 1187 417 1236 ipse
426 1188 483 1226 habet
492 1188 550 1225 talem
561 1188 631 1225 librum
643 1188 667 1225 de
676 1200 762 1226 commu·

99 1257 158 1295 nitate
169 1262 279 1295 conventus
289 1256 374 1305 praedicti
386 1268 445 1305 quem
464 1256 500 1295 sibi
515 1256 559 1294 talis
577 1258 634 1294 irater
649 1256 725 1305 reliquit
740 1257 765 1294 ad

98 1326 165 1365 vitam.
177 1326 217 1364 Nec
231 1325 295 1375 ipsum
306 1325 368 1375 possit
379 1326 469 1370 vendere¹
483 1325 535 1370 dare,
549 1326 619 1375 legare,
628 1337 663 1364 seu
674 1326 763 1374 alienare,

98 1395 132 1433 sed
143 1396 207 1433 solum
225 1394 261 1432 sibi
281 1394 305 1431 de
325 1394 367 1444 ipso
378 1394 403 1432 ad
423 1394 483 1432 vitam
496 1394 568 1432 servire
580 1398 764 1444 quantumcumque

97 1464 168 1502 fuerint
177 1468 267 1513 parentes
287 1463 382 1512 accipiens
394 1468 413 1501 et
423 1463 542 1512 relinquens.
555 1463 596 1501 Nec
605 1463 698 1502 volumus
710 1464 763 1512 quod

98 1534 160 1583 major
171 1533 291 1582 quicumque
303 1532 365 1581 possit
379 1532 403 1569 de
415 1532 467 1570 dicto
481 1531 530 1569 libro
541 1532 595 1569 aliter
607 1531 703 1576 ordinare,
717 1533 764 1581 quin

96 1608 205 1640 conventus
218 1601 373 1650 praedictuspost
381 1601 440 1639 vitam
453 1601 504 1639 illius
513 1600 580 1649 ipsum
592 1605 694 1649 tamquam
704 1612 764 1639 suurn

97 1677 196 1721 recuperet
215 1671 301 1709 indilate.
318 1672 336 1710 8.
352 1670 371 1707 Si
386 1676 452 1709 autem
472 1670 630 1709 distributionem
649 1671 764 1717 hujusmodi

97 1742 157 1778 iacere
177 1740 305 1789 neglexerint,
325 1745 359 1778 aut
376 1728 483 1784 noluerint,
507 1740 574 1777 omnia
590 1743 729 1778 convertantur
745 1739 765 1777 in

97 1820 157 1847 usum
177 1814 287 1847 conventus
299 1809 322 1846 de
344 1808 400 1857 cujus
412 1808 500 1846 terminis
512 1807 589 1846 oriundi
601 1813 717 1854 noscuntur,
729 1808 765 1847 nisi

97 1879 147 1917 forte
163 1879 222 1916 libros
234 1879 264 1916 vel
277 1878 312 1915 alla
328 1877 438 1915 notabiliter
450 1879 511 1915 multa
528 1888 562 1915 seu
580 1888 651 1926 magna
667 1877 687 1915 in
698 1877 765 1917 alienis

97 1947 227 1986 conventibus
247 1952 266 1985 et
285 1958 324 1984 non
339 1946 403 1984 asuis
413 1946 526 1995 parentibus
537 1945 668 1995 acquisierint.
679 1946 737 1991 Quod
750 1948 765 1985 sl

96 2018 176 2056 fecerint
193 2021 212 2054 et
228 2009 280 2065 apud
297 2017 351 2065 ipsos
368 2016 387 2053 in
400 2021 463 2054 morte
477 2016 556 2054 inventa
574 2016 652 2059 luerint,
671 2017 765 2055 volumus

97 2087 151 2136 quod
162 2085 252 2136 praedicta
264 2086 317 2124 bona
326 2086 353 2123 sic
363 2085 381 2122 in
391 2085 462 2124 talibus
474 2084 604 2123 conventibus
615 2084 708 2133 acquisita
720 2091 766 2134 post

96 2160 181 2194 mortem
201 2155 279 2193 illorum
297 2155 418 2204 applicentur
429 2154 511 2192 eisdem.
525 2153 552 2190 De
564 2153 606 2191 aliis
618 2158 683 2192 autern
701 2154 763 2200 libris,

96 2236 147 2274 quos
155 2225 180 2262 de
191 2224 314 2262 ordinatione
331 2223 400 2273 prioris
413 2222 537 2272 provincialis
548 2223 578 2260 vel
594 2222 671 2271 capituli
687 2224 766 2271 provin-

95 2295 147 2333 cialis
157 2293 269 2344 receperint,
280 2294 338 2343 priori
348 2293 461 2342 provinciali
470 2298 489 2331 et
497 2292 547 2339 (Fol.
557 2301 582 2342 37
595 2290 614 2342 a)
626 2291 764 2331 diffinitoribus

96 2364 174 2413 capituli
191 2363 315 2413 provincialis
335 2361 479 2401 committimus
494 2361 626 2400 ordinandum
642 2371 678 2399 nec
694 2362 764 2412 aliquis
