1616 2703
278 126 302 155 DE
314 125 403 156 ORACULO
415 126 507 156 audellco
690 126 730 167 299

0 218 3 259 ζ
57 210 98 244 scat
109 203 166 253 cujus
175 201 247 241 indolis
256 201 288 241 sit.
298 201 400 241 «Grandis
411 201 477 251 aquila
488 201 545 252 nigra
555 212 630 250 pennas
640 200 694 240 ocius
704 212 737 239 ex-

57 272 173 325 pergiscere,
186 271 245 310 tende
256 273 304 319 alas,
317 276 337 309 et
348 276 436 310 rostrum
448 270 537 321 impinge
549 276 568 309 et
580 282 655 320 punge.
667 270 737 309 Tortu·

0 339 6 394 ἶς
58 353 106 383 osus
117 342 205 386 coluber,
218 346 364 390 mentosusque
375 341 410 379 tibi
422 351 446 379 ex
458 341 517 378 latere
529 345 669 390 congregetur,
684 352 734 389 quo-

57 413 109 452 niam
122 411 208 461 plurium
220 397 322 449 conventu
332 410 399 459 procul
409 410 470 448 dubio
482 410 623 448 fortunabens.
635 410 675 447 Nec
687 410 737 448 obli-

57 481 136 522 viscaris
147 481 199 519 tilios
208 479 325 530 spurciticos
341 484 361 517 et
375 480 455 517 collates
468 483 530 528 petrae
542 480 586 517 oleo
598 479 637 518 litae
650 479 736 517 indilluae

57 562 103 590 cum
115 550 259 599 aliisrplectere,
273 560 297 586 ne
306 548 427 598 peperceris;
439 548 474 587 sed
488 548 584 587 dissectos
598 560 638 587 non
650 548 736 587 totaliter

57 619 172 659 atterrabis:
184 618 247 657 Ceteri
259 619 358 668 jactentur
369 628 452 667 prorsus
464 617 538 667 lapides
551 618 570 655 in
583 618 665 656 coccito.
681 618 734 663 Qrid

58 688 135 728 siccitas
146 687 231 737 amplius
243 687 328 726 arescit?
339 687 423 725 Pellatur
432 699 502 725 cauma
514 687 600 736 Ophitis,
612 699 652 736 quo
662 687 736 737 jugiter

58 757 201 797 concremans:
215 756 322 806 Turgesce,
331 767 417 804 comare,
427 756 546 802 diademare,
558 768 583 794 ne
594 761 681 806 torpeas,
692 761 739 795 ton-

0 817 6 876 {³
58 839 92 867 sos
104 826 239 876 seplassiarios
250 826 379 875 floccipende,
392 830 483 864 turtures
496 838 608 875 aspernare
621 826 684 864 Hiulci
695 826 736 875 qui-

58 898 103 935 dem
113 907 184 935 omnes
196 901 250 942 sunt,
264 895 329 934 distoli
342 900 446 934 morantur
457 895 541 941 interna,
557 896 661 945 suppetias
677 908 738 934 vena-

58 967 133 1005 buntur
150 966 225 1014 regales
240 964 361 1003 redimiculis
373 964 503 1014 virginalibus
517 966 672 1004 assentabuntur
696 977 739 1004 sce-

58 1036 114 1085 ptris,
128 1040 151 1073 ut
160 1035 238 1073 illorum
251 1034 391 1072 nanciscantur
399 1035 499 1083 applausis
513 1035 532 1072 in
550 1035 619 1073 odium
631 1035 660 1072 tui
672 1035 738 1073 diade-

0 1140 3 1149 ,
59 1104 117 1143 matis
135 1104 223 1144 violenti.
245 1103 298 1142 Talia
316 1109 383 1142 tamen
395 1104 545 1153 aspernaberis:
566 1104 662 1153 quoniam
685 1105 738 1142 inte

4 1170 8 1205 ἶ
59 1174 144 1213 oderunt
153 1173 189 1212 tibi
202 1173 268 1212 denuo
279 1173 429 1222 conquiescent,
441 1185 451 1210 a
464 1173 564 1223 regalibus
576 1174 654 1212 deficite
664 1185 737 1223 suppe-

59 1244 109 1282 tiis»
117 1243 154 1295 (ι).
163 1243 185 1281 Et
193 1243 222 1282 sic
233 1254 268 1292 per
280 1247 353 1281 totum.

79 1313 138 1351 Paulo
147 1316 193 1350 ante
199 1303 288 1350 medium
295 1312 391 1350 saeculum
399 1311 442 1356 Xlll,
451 1312 477 1350 ait
488 1313 678 1362 liolder-Egger(2),
687 1313 737 1351 inter

0 1363 8 1430 l
58 1381 736 1431 fratresOrdinisMinorumitalicossententiaexortaestpostaevum

59 1448 737 1500 Deil'atrisquodVeteriTestamentorespondet,atquepostaevum

59 1521 93 1558 Dei
101 1520 142 1558 Filii
153 1520 207 1569 quod
219 1520 239 1558 in
244 1520 303 1558 Novo
309 1519 437 1558 Testamento
446 1521 570 1569 praedicatur,
578 1532 645 1560 aevum
652 1521 736 1570 Spiritus

60 1590 125 1628 Sancti
137 1594 243 1629 venturum
252 1601 295 1628 esse
305 1601 345 1639 quo
357 1590 485 1640 Evangelium
492 1595 589 1629 aeternum
599 1602 633 1639 per
644 1591 735 1629 abbatem

57 1659 299 1706 joachimadumbratum,
307 1659 473 1708 perGerarduma
482 1660 547 1709 Burgo
558 1660 578 1698 S.
590 1659 677 1698 Donnini
689 1672 736 1698 vero

58 1733 213 1767 transmutatum
220 1729 326 1778 acscriptis
333 1729 442 1774 redactum,
452 1730 530 1778 plenam
539 1730 676 1768 auctoritatem
690 1730 736 1768 ade-

60 1802 140 1846 pturum
153 1802 213 1837 esset.
222 1798 280 1836 Erant
286 1798 320 1847 qui
331 1798 439 1836 adventum
449 1798 549 1848 Evangelii
555 1799 623 1836 aeterni
630 1799 650 1836 in
659 1810 734 1837 annum

43 1895 44 1898 η
63 1877 113 1905 1200
121 1871 245 1917 reponerent,
253 1867 266 1906 i.
275 1879 292 1906 e.
301 1867 350 1905 circa
357 1867 405 1905 illud
411 1872 491 1916 tempus
499 1879 539 1917 quo
546 1868 675 1906 dictusabbas
687 1868 736 1907 obiit

58 1934 176 1986 (accuratius
183 1948 236 1975 anno
246 1937 329 1985 1202)et
336 1947 376 1986 quo
383 1937 423 1974 duo
435 1936 590 1976 Mendicantium
602 1937 688 1976 Ordines
698 1938 735 1976 orti

60 2010 114 2050 sunt,
127 2006 162 2044 sed
177 2005 209 2043 alii
221 2017 245 2044 eo
257 2010 348 2054 tempore
368 2017 408 2054 quo
420 2006 555 2045 Antichristus
573 2006 684 2045 nasciturus
697 2012 737 2045 erat

60 2073 81 2124 (i.
95 2086 113 2114 e.
123 2086 175 2113 anno
191 2071 240 2113 1260
247 2075 304 2124 juxta
312 2075 394 2124 Apocal.
402 2075 440 2122 ΧΗ,
449 2074 472 2126 3)
483 2086 549 2114 veram
562 2076 620 2114 etiam
631 2076 737 2115 hominum

59 2143 143 2182 salutem
164 2155 199 2193 per
214 2144 263 2182 illud
275 2143 402 2192 Evangelium
417 2143 542 2193 praedicatam
563 2144 586 2183 iri
596 2145 736 2194 opinabantur.

83 2299 104 2341 (ι)
119 2300 206 2333 Divinum
217 2300 324 2341 oraculum,
336 2300 379 2333 edit.
393 2299 474 2345 Philippi
485 2312 495 2334 a
508 2302 540 2335 SS.
552 2301 649 2341 Trinitate‚
670 2302 690 2334 P.
706 2302 734 2334 25.

62 2357 144 2392 Primum
154 2358 254 2402 capitulum
260 2366 318 2392 toturn
329 2367 346 2393 et
353 2367 424 2393 sextum
431 2359 497 2403 partim
507 2359 563 2393 edidit
570 2360 592 2393 cl.
602 2361 622 2393 Ρ.
633 2360 689 2394 Ehrle
698 2360 734 2394 lc.

82 2418 111 2460 (a)
122 2418 184 2452 Neues
193 2417 284 2459 Archinl.
295 2427 310 2451 c.
319 2419 338 2451 P.
352 2418 390 2460 143.
