1631 2703
98 121 136 147 222
358 120 502 149 ADNOTATIONES

95 194 207 232 difficultate
218 206 228 231 a
241 194 297 232 vobIs
309 194 392 232 inveniri
403 205 442 232 non
456 199 548 243 possunt,
559 195 641 244 ipsaque
653 194 734 233 varietas
743 194 762 232 in

96 262 188 312 religioso
198 262 266 300 habitu
278 261 408 311 plurimorum
418 262 451 311 qui
461 274 504 300 eam
515 262 581 300 minus
589 262 620 311 pie
632 263 763 310 considerant,

95 331 173 369 animos
185 331 302 369 scandalizat
310 332 341 379 (1)
354 343 372 369 a.

122 400 175 438 lianc
188 400 317 439 mutationem
329 400 441 449 complures
452 399 557 438 chronistae
569 399 669 437 memoriae
681 399 764 437 tradide-

96 476 142 508 runt
153 469 191 520 (2),
210 470 260 507 inter
277 480 328 518 quos
347 473 414 507 auctor
435 468 541 506 Annalium
564 468 588 505 de
606 469 684 518 Oseney
704 479 764 517 prope

96 538 193 577 Oxoniam
204 538 295 576 «eodem
307 549 366 585 anno¹
377 538 410 583 ait,
421 539 488 576 fratres
497 537 521 575 de
533 538 599 576 Monte
610 537 692 576 Carmeli
702 538 765 575 nesci-

96 613 129 645 tur
145 608 200 657 cujus
215 608 328 645 auctoritate
346 606 416 645 muniti
431 607 461 644 vel
479 618 518 655 qua
538 606 612 644 ratione
627 606 697 654 pulsati
715 606 763 654 quin

97 677 163 726 potius
175 682 197 714 ut
211 676 262 714 credi
277 675 348 725 poterit
360 675 475 713 voluntariae
487 674 577 713 vanitatis
591 675 684 713 Instinctu
702 674 764 723 palliis

97 745 236 793 quadrangulis
248 744 416 782 diversicoloribus
432 743 566 792 impudentius
576 754 634 792 quam
646 744 722 781 deceret
731 743 765 781 ab·

97 814 158 861 iectis,
174 813 262 851 habitum
275 824 333 851 suum
346 812 491 862 primordialem
504 823 544 860 quo
559 811 674 861 aprimaeva
686 812 765 850 Ordinis

97 881 220 919 institutione
239 882 323 930 desuper
334 881 361 919 uti
376 886 524 926 consueverant,
544 885 670 920 mutaverunt
682 886 701 919 et
722 882 765 919 loco

98 951 202 999 paIIIorum
214 962 286 999 cappas
295 951 371 988 clausas
381 950 472 988 candidas
482 951 587 988 induerunt
594 948 632 1001 (3).
643 961 654 988 s>
662 950 766 999 Oppositio

97 1024 162 1057 tamen
175 1018 286 1067 principalis
299 1030 322 1056 ex
335 1023 388 1068 parte
400 1019 617 1057 Praemonstraterrsium
632 1021 681 1056 tacta
695 1024 725 1057 est
736 1019 766 1070 (4)

98 1099 149 1136 quos
161 1091 182 1124 ut
200 1092 341 1136 compesceret,
354 1087 461 1125 Bonifatius
476 1088 513 1125 Vlll
529 1088 579 1129 vivae
596 1087 650 1125 vocis
663 1088 765 1125 oraculum

98 1156 177 1194 lionorii
189 1156 213 1194 IV
229 1167 263 1205 per
277 1156 349 1194 litteras
369 1156 492 1204 apostolicas,
509 1156 546 1194 sub
567 1156 597 1194 die
608 1167 631 1206 25
649 1156 765 1195 Novembris

102 1236 150 1275 1295
162 1223 200 1276 (5),
213 1224 344 1263 confirmavit.

126 1293 201 1332 Saeculo
220 1293 309 1344 sequenti
324 1293 422 1340 lohannes
435 1294 459 1331 de
474 1295 548 1332 Bacone
569 1293 609 1332 sive
631 1294 767 1343 Baconthorpe

100 1361 213 1401 disserendo
226 1373 249 1400 ex
261 1363 349 1410 professo
362 1362 385 1399 de
397 1362 464 1400 habitu
479 1362 558 1401 Ordinis
573 1363 641 1400 asserit
655 1362 767 1400 Carmelitas

100 1431 190 1480 primitus
206 1431 264 1480 pallio
276 1432 352 1469 barrato
365 1442 412 1469 usos
423 1431 490 1476 luisse,
505 1431 573 1469 deinde
585 1431 697 1469 auctoritate
714 1431 768 1469 Sedis

100 1499 212 1548 apostolicae
224 1511 295 1548 cappas
307 1500 360 1537 albas
377 1499 418 1537 sine
430 1500 491 1538 barris
503 1500 619 1549 suscepisse,
629 1500 689 1549 quod,
701 1505 723 1538 ut
734 1500 766 1544 ait,

99 1573 144 1606 ante
162 1573 227 1606 ortum
240 1568 284 1606 Eliae
293 1573 333 1605 erat
345 1569 522 1617 prognosticatum.
534 1569 569 1607 Pro
582 1580 622 1617 quo
635 1569 680 1607 citat
690 1569 767 1606 Petrum

99 1638 233 1676 Comestorem
254 1638 288 1686 qui
304 1638 367 1687 aliqua
383 1650 393 1675 e
410 1637 595 1687 Pseudo-Epiphanii
612 1638 661 1676 libro
681 1639 710 1676 De
728 1638 768 1675 vita

96 1707 228 1754 prophetaram
240 1707 367 1755 exscripserat
373 1705 410 1758 (ὁ).

127 1774 217 1813 Similiter
232 1775 332 1821 lohannes
344 1776 368 1813 de
379 1776 499 1814 Hildesheim
512 1787 546 1825 per
560 1787 593 1814 sex
605 1776 647 1814 libri
661 1776 770 1825 Deserrsorr'i

123 1920 144 1962 (1)
158 1920 265 1961 Bullarium,
275 1922 289 1960 I,
300 1921 327 1953 36.

122 1979 143 2019 (al
156 1979 214 2016 Perrz,
226 1978 344 2011 Monumeuta
355 1979 439 2012 German.
450 1980 522 2022 Scriptr.
533 1979 616 2018 XXVIII,
624 1980 664 2011 602.
672 1978 767 2019 Mur-orori,

101 2036 280 2078 IX,til35.Xl,1191.
292 2037 324 2075 ΙΙΙ,
335 2037 379 2069 Pars
388 2038 402 2077 Ι,
415 2038 454 2070 612.
466 2038 489 2071 Et
499 2037 548 2070 alibi.

122 2094 150 2136 (3)
161 2094 242 2126 Annales
251 2094 354 2135 lllonasfiei,
364 2095 406 2127 euir.
417 2096 485 2129 Luard.
496 2096 526 2136 IV,
538 2095 576 2128 312.

121 2152 150 2194 (4)
162 2152 201 2184 llllS.
212 2152 278 2185 Selden
287 2162 308 2194 41
316 2163 370 2196 supra
380 2153 428 2195 (siue
438 2153 569 2197 paginatioue).

121 2210 150 2252 (5)
163 2209 270 2250 Bullatium,
281 2212 294 2249 l,
303 2212 333 2252 45.

120 2268 149 2311 (6)
162 2268 234 2310 Specul,
245 2269 321 2301 Carmel.
330 2270 343 2311 I,
354 2271 391 2302 162.
401 2270 543 2313 Epiphaniam
553 2269 621 2312 spuria,
634 2269 701 2312 trigue,
712 2270 732 2302 Ρ.
745 2270 767 2302 G.

100 2325 167 2365 XLIII,
176 2326 217 2359 coll.
231 2326 270 2369 396,
280 2327 320 2369 426.
338 2329 401 2361 Penus
416 2329 516 2369 Comes10r‚
527 2328 594 2371 Iligne,
606 2328 625 2360 Ρ.
639 2328 660 2360 L.
671 2327 768 2367 CXCVIII,

100 2383 135 2417 col.
146 2383 196 2426 1387.
