1631 2703
89 120 124 157 142
259 123 261 126 >
361 120 409 148 acra
423 119 497 149 caan..

85 193 139 242 quod
148 193 268 241 quicumque
276 193 388 242 ingrediens
396 194 486 232 ordinem
496 194 519 231 ad
529 193 559 231 sui
568 192 630 241 ipsius
639 190 750 230 instantiam

85 261 115 299 vet
125 261 148 299 de
161 262 260 299 voluntate
274 262 381 300 amicorum
394 273 476 301 suorum
488 266 593 310 antequam
606 261 707 309 recipiatur
719 254 752 296 ha-

85 331 129 367 beat
142 329 258 367 lectisternia
273 342 307 378 pro
320 342 340 368 se
354 331 403 379 ipso,
417 332 446 369 sin
463 336 528 369 autem
541 330 635 378 recipiens
649 329 712 366 solvat
726 328 753 363 le-

85 403 139 436 ctum
152 398 215 452 illum.
588 407 589 410 ¹

100 472 103 475 ⁴
122 468 168 504 ltem
180 467 263 505 Rubrica
272 467 313 505 XVl
323 468 346 505 de
355 468 425 506 studiis
434 467 584 506 etstudentibus
597 466 631 507 ubi
640 466 710 503 dicitur
720 463 751 514 (t)

85 535 139 583 quod
149 535 250 573 studentes
260 537 325 573 solum
341 548 374 585 per
389 536 491 574 biennium
501 538 553 574 stent
562 540 603 572 etc:
611 534 714 572 abradatur
733 537 752 568 et

86 604 160 641 dicatur
172 615 205 652 per
220 596 338 651 triennium3
354 610 373 642 et
388 605 407 653 si
421 605 487 653 quisa
502 604 571 642 studiis
589 603 688 641 recesserit
707 602 752 638 ante

86 684 145 710 suurn
153 678 232 721 tempus
242 674 362 721 completum
370 673 411 710 sine
425 673 499 710 licentia
510 672 586 720 speciali
594 671 663 720 prioris
672 674 752 719 genera-

85 741 107 778 lis
114 746 147 778 aut
154 742 184 778 sui
192 741 314 789 provincialis
322 741 355 777 illo
361 752 413 778 anno
423 742 442 778 in
451 742 543 778 lectorem
550 741 753 790 nullatenus'assumu·

84 813 122 846 tur.
132 809 178 846 ltem
188 808 221 846 ubi
233 808 302 846 dicitur
313 808 365 857 quod
376 795 428 846 unias
441 809 523 846 studens
537 808 562 846 ad
578 807 642 845 studia
656 805 752 856 generalia

86 877 174 914 mittatur
184 876 287 914 abradatur
298 881 317 913 et
334 876 409 914 dicatur
418 877 472 925 quod
486 877 526 914 duo
538 876 615 924 possint
630 875 688 912 mitti.
705 875 752 911 ltem

85 944 228 983 committimus
238 945 349 992 provinciali
359 950 378 982 et
385 945 523 983 diffinitoribus
533 945 611 994 Ang'liae
616 943 751 981 auctoritatem

85 1012 210 1061 dispensandi
222 1023 266 1049 cum
280 1012 376 1061 magistris
389 1018 408 1050 et
420 1013 531 1051 bachalariis
540 1023 599 1061 super
611 1010 752 1050 constitutione

85 1081 109 1118 de
120 1082 192 1119 lectura
203 1080 288 1118 biennali
297 1082 375 1130 quando
385 1086 403 1118 et
413 1087 471 1129 prout
482 1082 510 1119 eis
521 1081 619 1119 videbitur
626 1079 724 1130 expedire.

111 1149 158 1186 ltem
168 1149 273 1187 statuimus
285 1149 340 1196 quod
350 1149 475 1197 provinciales
485 1149 562 1187 mittere
570 1152 674 1186 teneantur
683 1147 753 1185 contri-

85 1217 176 1255 butiones
187 1217 309 1255 studentium
319 1218 368 1255 circa
380 1219 451 1255 testum
461 1218 557 1255 Omnium
566 1217 681 1255 Sanctorum
695 1216 751 1265 Pary-

85 1285 126 1323 sius
137 1285 174 1322 sub
187 1296 244 1333 poena
256 1285 384 1332 depositionis
399 1286 423 1322 ab
435 1285 499 1322 officio
512 1285 548 1323 nisi
564 1296 597 1333 per
613 1284 749 1322 testimonium

85 1353 123 1390 fide
130 1353 234 1401 dignorum
244 1354 313 1390 docere
322 1354 399 1390 valeant
408 1354 468 1391 dictas
475 1353 631 1391 contributiones
643 1364 664 1390 se
675 1351 753 1389 dedisse

59 1421 61 1423 ’
85 1422 109 1458 ad
121 1421 239 1469 portandum
253 1421 392 1459 mercatoribus
404 1422 451 1459 hora
463 1422 521 1465 bona,
532 1426 551 1459 et
560 1421 611 1459 idem
623 1422 716 1459 volumus
729 1420 752 1457 de

85 1490 176 1528 censibus
188 1489 335 1539 Parysiensibus
346 1490 450 1529 observari.

110 1558 157 1595 ltem
166 1558 248 1596 lectores
259 1563 348 1596 vacantes
360 1559 402 1595 sine
413 1558 454 1596 suis
468 1558 567 1596 demeritis
584 1560 649 1596 locum
665 1558 750 1606 primum

84 1626 166 1664 habeant
175 1627 194 1663 in
206 1627 265 1663 choro
275 1633 294 1663 et
308 1626 327 1663 in
339 1627 440 1664 refectorio
452 1632 497 1675 post
509 1628 600 1664 lectorem
612 1627 711 1664 actualiter
723 1627 750 1662 le-

84 1699 163 1742 gentem
175 1694 194 1731 in
203 1694 335 1732 conventibus
347 1695 420 1743 quibus
431 1695 514 1744 degunt.

111 1762 157 1799 ltem
170 1762 284 1800 ordinamus
293 1763 346 1810 quod
364 1763 451 1811 magistri
467 1764 564 1812 anglicani
581 1764 620 1801 sint
632 1764 656 1800 de
674 1762 750 1812 gremio

85 1830 163 1878 capituli
176 1830 305 1878 provincialis.

111 1898 157 1935 ltem
168 1899 188 1935 in
201 1897 284 1935 Rubrica
296 1898 349 1936 XVlll
358 1899 382 1935 de
394 1899 457 1936 officio
468 1899 536 1946 prioris
549 1899 671 1947 provincialis
684 1899 751 1937 statui-

85 1976 131 2003 mus
140 1966 194 2013 quod
204 1966 311 2014 quandoin
321 1966 387 2014 aliquo
399 1972 497 2008 conventu
507 1967 620 2005 scandalum
631 1972 751 2015 perpetratur

85 2037 104 2070 et
115 2033 166 2071 illius
175 2034 277 2071 occasione
286 2034 408 2082 provincialis
417 2034 440 2071 ad
450 2035 504 2072 illum
515 2040 635 2073 conventum
647 2036 752 2074 descendat

84 2101 196 2150 requisitus,
210 2102 308 2150 provincia
320 2103 383 2140 solvat
394 2114 489 2151 expensas
501 2100 546 2141 dicti
556 2103 679 2151 provincialis
691 2104 711 2141 in
723 2116 752 2142 ca-

84 2181 108 2208 su
119 2170 156 2219 nisi
167 2170 240 2218 (quod)
251 2170 282 2208 ille
294 2172 370 2208 solvere
380 2182 419 2208 non
432 2171 515 2209 sufficiat
526 2182 560 2220 per
572 2159 632 2220 quem
645 2171 695 2223 (Fol.
704 2172 751 2224 4721)

83 2238 196 2276 scandalum
209 2243 239 2276 est
250 2243 350 2276 exortum.

108 2372 130 2415 tt}
140 2381 157 2404 n.
169 2371 196 2414 33,
207 2372 248 2406 etP
261 2372 298 2405 126.
