1631 2703
86 110 121 150 ¹50
352 109 401 139 Atra
415 110 476 139 einr.

82 184 167 234 quadam
180 185 265 224 novitios
274 185 297 223 ad
310 186 399 224 ordinem
413 185 530 234 recipiendo,
543 185 581 222 tale
590 183 697 234 periculum
709 183 750 221 ani-

54 239 55 242 *
83 264 160 291 marum
169 253 228 291 vitare
237 254 333 301 volentes,
342 254 466 304 praecipimus
474 255 493 292 in
501 253 649 292 virtutesanctae
659 253 752 291 obedien-

82 322 114 361 tiae
125 322 179 372 quod
191 323 257 361 nullus
270 323 378 372 praesidens
392 323 411 362 in
424 328 521 362 conventu
532 323 598 372 aliquo
609 334 655 361 curn
669 322 753 372 pecunia-

80 377 168 441 aliquem
182 392 279 431 novitium
288 392 377 441 recipiat,
391 393 427 431 nisi
440 392 479 431 sibl
488 392 551 441 primo
563 387 662 441 spirituale
674 392 749 436 offerat,

84 465 107 499 ut
117 465 165 499 tunc
182 461 245 511 possit
265 459 322 499 salva
333 461 451 500 conscientia
468 461 566 499 offerendo
581 461 672 500 tratribus
683 455 750 499 secum

81 535 162 579 >portare
174 530 288 584 necessaria,
299 532 328 568 vel
341 532 408 569 fratres
416 531 439 568 ab
448 542 472 569 eo·
478 530 556 579 exigere
568 531 584 568 si
596 529 750 568 conventusaubi

85 600 113 638 sic
124 600 245 649 recipiendus
257 600 311 638 esset
317 604 356 638 non
369 605 436 649 posset
445 600 481 638 sibi
491 600 509 637 in
520 599 668 638 necessitatibus
680 599 751 637 suffici-

86 674 141 707 enler
153 669 261 719 providere.
310 683 313 698 =

112 739 158 776 Item
170 738 189 776 in
202 738 269 777 eadem
281 738 363 776 Rubrica
374 738 467 776 addatur:
481 737 589 776 Statuimus
603 742 622 775 et
633 737 750 775 ordinamus

86 807 138 861 quod
154 807 169 845 si
181 806 251 855 aliquis
263 806 281 844 in
295 808 372 844 fratrem
385 806 459 844 ordinis
471 811 559 855 receptus
572 805 629 844 luerit
640 817 685 844 cum
698 805 753 844 cleri-

86 875 121 913 cali
133 880 214 913 tonsura
228 881 246 913 et
257 880 358 924 tamquam
374 875 454 912 clericus
469 880 488 912 et
502 875 551 912 infra
567 874 618 913 duos
630 885 693 912 annos
712 885 752 912 non

86 944 134 982 sciat
148 944 210 993 legere
226 948 366 993 competenter,
379 943 432 992 quod
445 954 484 981 non
502 943 565 992 possit
579 943 689 992 promoveri
709 934 750 981 sine

87 1012 164 1062 speciali
176 1012 250 1050 licentia
260 1012 329 1060 prioris
341 1012 444 1062 generalis.
733 1045 735 1049 .

112 1082 159 1119 ltem
176 1081 195 1119 in
210 1080 292 1120 Robrica
306 1082 348 1119 XVl
363 1081 387 1118 de
400 1080 469 1119 studiis
478 1085 501 1118 et
517 1080 642 1119 studentibus
657 1080 691 1119 ubi
706 1081 753 1123 diei-

86 1154 119 1189 tur
126 1148 157 1201 (1)
164 1150 217 1199 quod
226 1150 245 1188 in
257 1150 325 1188 ordine
332 1150 371 1189 sint
379 1156 423 1188 octo
430 1150 493 1188 studia
501 1150 604 1199 generalia,
620 1150 723 1188 abradatur
733 1151 754 1188 'et

87 1219 161 1258 dicatur
170 1219 205 1257 Xlll
213 1219 284 1258 scilicet
290 1205 373 1266 Tolosae,
384 1218 484 1262 Bononiae,
493 1218 601 1266 Florentiae,
611 1219 750 1263 Mediolanum,

87 1289 194 1337 Neapolim,
207 1288 227 1326 in
236 1289 303 1327 Monte
317 1289 430 1331 Pessulano,
445 1288 539 1332 Coloniae,
551 1288 663 1333 londoniae,
676 1288 753 1337 Berclri-

87 1358 132 1396 lone
142 1355 179 1408 (2),
192 1357 216 1395 Pe
222 1356 306 1406 piniani,
320 1357 395 1404 Brugis,
407 1357 425 1395 in
438 1357 526 1395 nomina
537 1357 595 1395 Curia
603 1361 622 1394 et
634 1356 720 1408 Catrati(
733 1356 749 1409 ).

114 1426 160 1463 Item
172 1426 286 1464 ordinamus
298 1427 350 1474 quod
363 1427 454 1475 magister
466 1438 535 1475 regens
544 1430 563 1464 et
573 1426 605 1475 qui
617 1436 652 1474 pro
664 1431 753 1475 tempore

87 1494 145 1533 fuerit
157 1494 247 1543 Parysius
264 1494 301 1531 sub
314 1505 372 1542 poena
389 1496 492 1543 apostasiae
504 1506 544 1533 non
559 1495 643 1532 audeant
657 1494 755 1533 dimittere

87 1562 197 1614 cathedram
207 1562 296 1612 Parysius
312 1574 438 1612 quocumque
447 1568 543 1613 tempore,
557 1574 680 1612 quacumque
694 1564 752 1602 etiam

83 1631 203 1669 necessitate
217 1630 369 1684 venientesine
384 1632 453 1680 prioris
469 1632 564 1681 generalis
579 1632 653 1669 licentia
670 1631 753 1680 speciali,

89 1711 123 1738 nec
134 1700 192 1737 etiam
202 1704 255 1737 extra
266 1699 332 1737 villam
347 1700 480 1749 Parysiensem
496 1700 523 1738 ire
535 1702 583 1738 ultra
597 1712 657 1739 unam
673 1701 752 1745 dietam,

89 1768 126 1806 nisi
133 1779 168 1817 pro
177 1767 260 1816 negotiis
268 1758 400 1806 universitatis
408 1770 437 1806 vel
447 1753 563 1807 conuentus.
572 1769 687 1807 Mandantes
696 1769 754 1817 priori

89 1836 134 1874 dicti
145 1841 253 1873 conventus
261 1824 378 1886 Parysiensis
390 1837 427 1874 sub
437 1837 516 1875 vinculo
526 1841 598 1875 sanctae
609 1831 724 1876 obedientiae
736 1841 756 1874 et

89 1914 147 1953 paena
157 1903 267 1941 rebellionis
276 1904 329 1952 quod
340 1904 355 1941 si
366 1905 458 1953 magister
467 1904 537 1954 regens
547 1916 602 1943 secus
612 1906 682 1943 laceret
689 1905 755 1943 omnia

88 1972 141 2010 bona
153 1971 197 2010 di:ti
213 1971 298 2019 magistri
311 1972 389 2020 recipiat
403 1978 421 2009 et
436 1973 473 2010 sub
485 1973 574 2011 custodia
585 1978 650 2011 teneat
667 1973 729 2012 donec
743 1986 753 2011 a

88 2039 146 2089 priori
156 2040 239 2089 generali
248 2039 300 2078 aliud
310 2040 397 2078 habuerit
407 2041 425 2078 in
436 2040 539 2079 maritatis.
551 2040 639 2079 Addatur
648 2041 706 2080 etiam
719 2042 754 2080 ibi-

111 2205 133 2246 (ιι
146 2214 164 2237 n.
175 2216 188 2238 1.

112 2262 133 2303 tal
148 2262 260 2296 Barcinonae.

111 2320 133 2365 (3)
145 2321 211 2357 Forsan
224 2321 310 2361 (latoniae,
322 2321 352 2354 ulii
362 2322 425 2355 sltem
438 2322 505 2355 soesalo
517 2322 599 2366 sequenti
610 2323 690 2356 studium
704 2335 757 2368 gene·

90 2378 126 2412 rale
132 2378 188 2413 nostri
199 2378 270 2415 ordinis
278 2379 385 2415 habebatur.
