1631 2703
320 124 427 156 uuenrcax
441 129 451 139 ·-
682 128 708 168 39

35 215 64 253 pae
70 212 103 252 per
109 200 140 239 XL
146 199 188 238 dies
197 205 236 239 tarn
247 201 365 250 permittenti
373 203 433 251 quani
442 200 519 239 facienti
527 200 641 251 infligenda.
652 202 710 240 Conr-

35 271 133 311 mittimus
144 274 210 308 tamen
222 270 320 320 prioribus
330 271 483 320 provincialibus
498 270 552 320 quod
564 271 677 310 discernant
688 271 709 309 in

34 342 110 391 quibus·
118 339 196 377 casibus
206 344 294 379 carentes
312 342 355 379 loco
373 345 392 378 et
403 352 451 379 voce
463 339 542 390 possint
553 341 621 379 audire
632 342 709 380 confes-

35 412 101 451 siones
113 414 132 448 et
143 408 349 463 praedicare-Verbum
362 410 403 455 Dei,
422 415 441 447 et
460 410 576 459 dispensent
587 410 607 448 in
620 410 651 449 bis
662 422 708 449 cum

35 480 116 520 eisdem.
360 518 363 522 .

64 562 93 588 12.
105 549 177 587 Nullus
187 550 245 587 etiam
261 551 319 587 irater
330 549 400 586 habeat
411 553 530 598 potestatem
545 549 660 588 absolvendi
675 549 710 587 ali-

35 631 94 669 quem
105 619 185 656 fratrem
198 631 206 657 a
223 624 303 668 peccato
313 618 391 656 mortali
406 617 448 656 sine
460 617 537 655 licentia
550 619 581 657 sui
598 618 675 668 prioris.
689 618 709 658 Si

35 688 79 738 quis
90 691 157 726 autem
169 689 274 726 confessus
286 688 344 726 fuerit
355 688 386 725 vel
398 686 501 725 convictus
512 688 567 736 quod
584 689 664 726 fratrem
677 688 711 725 ali-

36 770 95 808 quem
106 757 181 806 absque
193 757 270 796 licentia
283 757 406 806 superiorum
419 768 502 795 suorum
514 769 524 794 a
537 762 617 806 peccato
633 757 711 795 mortali

36 826 141 866 absolverit
150 831 170 864 et
185 827 283 876 praecipue
295 827 319 865 de
333 837 379 864 casu
391 826 458 875 aliquo
468 837 528 874 quem
540 827 593 875 prior
604 826 709 876 generalis,

36 896 159 947 provincialis
168 907 203 935 seu
221 897 287 935 localis
301 896 338 934 sibi
350 896 458 945 specialiter
473 897 606 941 reservaverit,
620 897 644 934 ab
667 900 711 935 actu

37 966 140 1015 recipiendi
150 966 285 1005 confessiones
295 965 428 1015 suspendatur
440 969 459 1003 et
470 965 490 1003 in
502 964 613 1004 visitatione
623 965 712 1015 superio-

36 1038 61 1075 ris
70 1037 113 1074 loco
125 1040 145 1073 et
166 1047 215 1074 voce
238 1036 333 1085 privetur.
356 1047 386 1085 13.
405 1036 428 1072 Et
450 1035 580 1074 nibilominus
603 1047 710 1074 monemus

36 1117 106 1144 omnes
115 1110 134 1143 et
146 1105 237 1154 singulos
257 1106 380 1143 consessores
393 1104 455 1142 nostri
473 1103 548 1142 ordinis
560 1109 581 1143 ul
592 1109 674 1142 caveant
686 1116 711 1142 ne

37 1177 104 1213 fratres
116 1175 140 1213 ad
157 1185 192 1213 eos
209 1186 267 1213 causa
278 1173 409 1213 consessionis
426 1173 528 1212 venientes
546 1174 630 1212 scienter
646 1174 712 1212 absol*

36 1250 82 1283 vant
93 1244 117 1282 de
130 1255 177 1282 casu
185 1255 221 1283 seu
230 1244 309 1282 casibus
325 1256 336 1281 a
350 1243 486 1292 superioribus
495 1254 587 1292 expresse
600 1243 620 1281 in
629 1243 712 1293 'speciali

37 1310 124 1362 retentis,
137 1314 191 1363 quod
199 1314 215 1353 si
233 1314 313 1352 fecerint
325 1312 536 1352 excommunicationis
548 1313 667 1352 sententiam
682 1313 712 1351 in-

37 1388 114 1422 currant
126 1383 169 1432 ipso
181 1384 238 1429 facto,
252 1395 262 1420 a
275 1395 313 1432 qua
325 1394 366 1421 non
379 1387 464 1431 possunt
478 1381 554 1420 absolvi
566 1382 604 1421 nisi
613 1394 648 1432 per
660 1382 713 1432 prio-'

39 1464 78 1491 rem
91 1436 203 1503 generalem
212 1453 243 1491 vel
253 1464 312 1491 suum
324 1451 408 1501 priorem
420 1451 568 1501 provincialem.
667 1456 669 1459 ’

67 1534 96 1571 14.
107 1523 154 1561 item
172 1522 278 1572 statuimus
290 1522 344 1571 quod
357 1523 425 1559 iratres
437 1520 539 1560 venientes
553 1521 576 1559 ad
591 1524 713 1559 conventum

38 1592 122 1630 alienum
136 1591 213 1640 possint
227 1591 316 1629 confiteri
332 1590 425 1628 fratribus
437 1590 541 1628 licentiatis
553 1590 577 1628 ad
591 1590 713 1628 audiendum

38 1661 180 1706 confessiones,
194 1660 364 1710 quemadmodum
373 1661 441 1698 iratres
450 1659 501 1698 illius
513 1664 632 1708 conventus,
642 1659 666 1697 de
675 1660 715 1697 cul-

40 1731 69 1779 pis
81 1730 193 1769 commissis
205 1731 225 1768 in
241 1735 325 1779 utroque
338 1734 437 1767 conventu
450 1741 485 1767 seu
503 1729 522 1767 in
534 1729 572 1774 via,
583 1734 713 1779 praeterquam

39 1800 62 1838 de
73 1800 151 1838 casibus
163 1812 174 1837 a
186 1799 321 1849 superioribus
334 1799 375 1837 suis
387 1798 475 1837 retentis.
492 1809 521 1847 15.
539 1799 644 1837 Monemus
654 1795 713 1837 etiam

39 1871 106 1908 iratres
118 1874 140 1908 ut
151 1869 220 1918 culpas
229 1880 276 1917 suas
288 1869 349 1907 dictas
360 1869 379 1906 in
396 1869 481 1918 capitulo
493 1869 596 1907 communi
606 1869 627 1906 in
640 1869 714 1918 privata

40 1939 163 1978 confessione
174 1939 252 1988 plenius
270 1938 396 1976 manifestent
406 1931 425 1976 et
436 1938 456 1976 in
472 1937 536 1976 debita
550 1939 614 1977 forma
629 1937 714 1977 ecclesiae

41 2009 175 2047 absolvantur.

70 2076 100 2117 16.
113 2078 222 2117 Statuimus
232 2078 290 2116 etiam
302 2077 356 2126 quod
369 2077 452 2126 quilibet
464 2078 523 2115 frater
535 2076 566 2115 bis
578 2077 598 2115 in
607 2077 717 2115 hebdoma-

42 2147 65 2184 da
76 2147 192 2186 confiteatur
201 2147 308 2195 adminus,
325 2147 362 2185 sub
371 2158 430 2196 poena
442 2146 508 2196 gravis
520 2146 590 2196 culpae.
603 2146 718 2185 Celebratu-

42 2228 74 2255 rus
94 2222 160 2255 autem
182 2217 264 2256 missam
288 2228 436 2266 quamcumque
455 2216 557 2265 provident
577 2215 621 2261 sibi,
632 2220 655 2254 ut
677 2220 717 2254 non

42 2287 158 2325 confiteatur
169 2286 189 2324 in
202 2284 262 2331 altari,
274 2286 311 2324 nisi
321 2287 371 2324 forte
383 2286 407 2323 de
421 2285 487 2334 aliquo
500 2284 561 2323 oblito
576 2289 596 2323 et
606 2289 654 2323 tunc
663 2289 718 2323 c'om-

43 2356 149 2404 pendiose;
160 2356 277 2406 transgressi
289 2355 359 2393 mediae
371 2366 435 2404 poenae
448 2355 518 2404 culpa,
532 2355 605 2393 assueti
617 2365 664 2393 vero
676 2358 718 2404 poess

43 2436 73 2463 nae
85 2425 180 2475 gravioris
193 2427 256 2476 culpae
269 2424 406 2475 subjacebunt.
