1616 2703
264 116 349 146 erroruu
359 116 482 150 *GENERALIUM
672 103 709 156 265

0 193 7 248 :-
38 194 143 243 episcopus
154 190 253 230 Roilensis
262 191 281 228 in
291 191 361 240 Anglia
373 191 443 229 eodem
455 202 516 230 anno.

0 257 1 303 J
63 272 95 312 34.
106 261 205 309 lohannes
214 261 276 311 Byrde
285 261 324 309 jam
336 261 393 299 tertio
401 260 496 299 Ordinem
509 261 607 309 gubernat
617 261 670 309 prior
679 273 714 310 ge-

38 331 107 370 neralis
119 329 269 368 Carmelitarum
281 330 435 378 totiusAngliae,
447 330 549 368 Walliaeet
564 330 661 368 Hiberniae
679 341 713 379 per

36 399 193 440 illustrissimum
206 411 273 448 regern
280 401 401 439 constitutus
410 412 414 438 :
428 404 448 438 et
457 400 506 438 rexit
515 400 572 438 annis
591 401 631 438 sere
640 399 711 439 tribus.

37 471 79 508 Erat
91 469 120 507 vir
128 469 164 506 iste
173 468 326 518 elegantissimae
334 471 404 507 formae
413 475 432 507 et
440 469 568 508 doctissimus
578 469 667 518 quidem,
677 470 712 508 sed

37 538 121 577 nimium
134 536 249 576 licentiosus
261 549 307 587 erga
319 539 425 576 sceleratos
436 543 496 586 atque
505 538 713 587 flagitiosissimosne-

36 609 127 647 bulones.
138 608 164 646 lta
176 612 198 645 ut
209 607 288 657 singula
300 608 338 647 sub
350 620 373 647 eo
383 608 508 657 deperierint,
525 608 598 646 ruerint
610 614 629 646 et
642 601 713 646 adter-

37 689 78 715 ram
88 687 152 725 usque
161 676 273 715 ceciderint.
286 677 343 715 Pauci
356 682 397 715 turn
421 681 476 730 erant
496 678 548 726 apud
557 679 594 715 hos
609 677 678 715 eruditi
693 681 713 714 et

37 745 138 796 pauciores
150 745 205 785 boni.
217 746 319 796 Propterea
327 746 437 795 justissima
451 747 485 785 Dei
495 746 570 785 ultione
581 746 641 784 finem
651 747 713 785 habu-

36 819 94 853 erunt
103 825 149 853 cum
162 815 231 853 ceteris
243 815 344 864 papisticis
357 816 416 854 sectis
426 816 451 855 Α,
464 816 488 854 D.
505 818 554 866 1538
561 816 617 865 juxta
627 815 713 864 promis-

37 896 81 923 sum
94 884 199 923 Salvatoris
212 885 281 923 Matth.
292 886 334 923 XV.
344 885 416 924 Omnis
426 885 520 934 plantatio
533 896 594 941 quarn
604 896 644 923 non
658 886 713 933 plan-

37 954 83 991 tavit
92 959 146 1003 pater
158 955 244 1001 coelestis
252 954 387 993 eradicabitur.
396 955 419 992 Et
428 955 533 1002 Joliannes
540 955 577 992 iste
586 939 628 1003 per
647 954 712 992 dorni-

36 1034 85 1061 num
95 1035 162 1073 regem
175 1024 237 1062 iactus
249 1028 279 1062 est
291 1023 355 1072 primo
364 1023 515 1062 Pendretlrensis
526 1024 632 1073 episcopus
640 1028 659 1061 et
670 1028 712 1061 tan-

35 1092 80 1130 dem
95 1093 120 1130 Α.
128 1092 152 1131 D.
168 1104 217 1144 1539
229 1093 334 1142 episcopus
343 1093 482 1142 Bangorensis.
496 1093 531 1131 llic
543 1093 621 1142 scripsit
634 1103 711 1131 senno-

36 1172 71 1199 nes
81 1172 199 1210 perannum
209 1162 252 1201 libr.
263 1163 276 1207 l,
289 1166 309 1199 et
319 1161 409 1200 Threnos
418 1162 437 1200 in
447 1162 523 1200 obitum
539 1161 638 1200 Edmondi
650 1162 710 1212 Berye

35 1230 54 1268 in
64 1230 132 1269 Calisia
142 1231 285 1269 obdormientis
296 1230 316 1269 in
326 1231 413 1279 Christo,
424 1236 443 1269 et
453 1230 506 1283 alia(
520 1229 535 1282 ).

325 1300 413 1350 Explicit.

56 1448 77 1489 (ri
88 1448 136 1482 Olim
147 1448 196 1491 prior
205 1448 277 1481 Calisiae
286 1450 335 1490 [tunc
345 1447 421 1482 ditionis
429 1448 518 1492 anglicael,
529 1447 575 1481 obiit
590 1449 611 1481 A.
626 1448 647 1480 D.
658 1448 708 1481 1523.

32 1507 124 1541 lohannes
146 1508 212 1551 Byrde‚
224 1506 367 1547 Covenrriensis,
378 1507 454 1540 Oxoniae
469 1507 549 1540 lauream
564 1506 645 1550 suscepit
660 1516 709 1538 anno

36 1566 107 1607 rici-63
118 1565 234 1609 provincialis
244 1555 316 1608 Anglite
325 1566 373 1605 1516,
381 1566 447 1599 eodem
457 1576 505 1598 anno
520 1565 604 1598 visitator
619 1565 709 1608 generalis

33 1623 79 1665 [vide
88 1634 141 1667 supra
150 1626 168 1658 P.
177 1626 217 1658 262.
228 1636 244 1658 n.
252 1625 263 1664 l,
273 1625 364 1657 etiterum
377 1624 639 1666 1522-1534,etabann01535
650 1634 708 1666 usque

33 1682 55 1714 ad
62 1683 186 1716 omnimodam
196 1683 342 1726 suppressionem
349 1683 422 1716 Ordinis
430 1683 448 1715 in
455 1683 519 1726 Anglia
526 1683 577 1726 prior
581 1682 671 1726 generalis
678 1693 708 1715 nu·
721 1691 726 1697 ¹

33 1741 114 1774 ctoritate
123 1742 178 1786 regia.
189 1743 257 1775 Eadem
267 1732 374 1775 ductorirare
385 1742 405 1775 fit
414 1742 511 1785 episcopus
523 1741 709 1783 Pendrethensisr'ut-
732 1730 734 1733 ⁵

33 1806 73 1840 pote
83 1799 207 1843 suffraganeus
217 1801 252 1844 epi.
264 1801 403 1842 Lemniensis),
411 1800 454 1834 irem
466 1800 586 1844 bangorensis
596 1801 617 1833 26
629 1799 707 1842 Augusti

30 1857 83 1900 1539,
92 1858 157 1892 deinde
174 1859 243 1903 primus
260 1859 356 1902 episcopus
367 1859 575 1903 Cestrcnsis4Augusri
596 1860 651 1900 15413
669 1869 707 1902 quo

32 1915 137 1960 episcopatu
147 1918 227 1961 privatus
237 1926 263 1951 est
275 1920 293 1951 ro
305 1918 365 1951 lllarrii
378 1919 426 1959 1554.
438 1918 507 1952 Ultimo
516 1917 582 1951 haeresi
597 1918 680 1961 abjurata
689 1925 707 1950 et

32 1974 125 2015 repudiata
136 1987 190 2018 quam
200 1977 276 2009 duxerat
285 1987 347 2018 uxore,
358 1976 448 2019 parochus
466 1976 517 2024 apud
525 1977 580 2010 Great
591 1977 681 2009 Dunmow
687 1974 707 2008 in

33 2032 118 2066 comitatu
128 2034 207 2068 Essexire
216 2035 326 2068 constitutus
336 2035 354 2068 in
361 2034 429 2069 unione
439 2035 521 2068 ecclesiae
539 2035 634 2068 cittholicae
641 2034 706 2068 delun-

32 2098 71 2123 ctus
80 2099 106 2125 est
118 2093 136 2125 15
147 2093 232 2127 Octobris
245 2095 294 2127 1558.
305 2093 332 2128 Cf.
342 2094 418 2127 Athenae
425 2094 591 2138 Cant-abrigienses,
602 2094 636 2126 sub
649 2103 705 2135 voce;

0 2177 2 2180 ,
33 2148 79 2182 Dict.
89 2150 109 2184 oi
117 2152 165 2185 Nati.
174 2152 234 2197 Biogr.
242 2153 263 2193 V,
273 2154 300 2196 76.
