1631 2703
72 88 110 123 ‘200
295 112 297 115 .
337 93 398 123 cunr.
412 94 480 123 onnon.
534 102 535 105 ¹

71 169 113 206 ium
124 168 214 216 generate
222 167 242 205 in
254 160 352 206 conventu
362 166 511 219 Aquensi(r-)in
520 168 618 217 provincia
625 167 740 215 Provinciae,

73 236 105 275 ubi
115 226 194 274 fuerunt
207 237 262 275 factae
274 248 341 286 paucae
347 237 459 276 ¹additiones
475 237 643 276 constitutionum
657 236 744 284 johanne

74 304 198 354 praesidente.

17 359 19 362 ,
99 375 157 411 Anno
169 373 247 411 Domini
263 384 311 424 1375
323 374 343 411 in
355 375 467 413 Pentecoste
478 375 515 413 ruit
526 375 645 413 celebratum
654 375 744 422 generale

71 442 179 491 capitulum
197 442 216 479 iri
236 442 399 480 conventuPodii
418 441 449 493 (2)
468 442 628 491 quia'Joirannes
651 442 743 494 Dalistarii

71 510 129 548 bonae
146 510 246 548 memoriae
258 510 347 559 migravit
360 510 383 547 ad
397 511 505 549 Dominum
522 522 574 549 anno
587 510 702 560 praecedenti
716 520 742 557 24

73 579 104 616 die
114 579 188 616 mensis
200 578 326 627 Septembris.
337 579 380 616 ideo
395 579 413 616 in
430 579 482 617 dicto
493 580 578 627 capituto
590 579 710 627 concorditer
718 579 743 616 ab

73 647 167 685 omnibus
176 647 249 685 electus
259 647 295 685 fuit
304 647 397 696 Magister
408 648 466 685 frater
475 648 583 685 Bernardus
592 647 651 685 Olerii
664 647 689 695 (ie
699 658 744 695 pro-

73 715 136 753 vincia
145 714 271 759 Cathaloniae,
281 720 391 753 conventus
400 715 509 753 Minorissae
520 713 557 766 (3),
569 716 602 753 ubi
615 726 649 763 per
658 701 742 752 eundem

74 787 123 821 sunt'
131 783 196 821 addita
208 784 297 831 quaedam
312 783 336 820 ad
348 783 437 820 divinum
450 783 544 821 officium.

101 853 161 889 Anno
171 851 249 889 Domini
262 862 310 901 1379
322 852 359 888 fuit
369 851 487 889 celebratum
503 852 611 900 capitulum
623 851 743 900 generalem

75 925 174 958 conventu
186 919 281 969 Brugensi
294 917 492 968 provinciaeFranciae
503 919 596 968 Magistro
606 920 745 968 Bernardo-ge-

76 988 142 1026 nerali.

79 1071 81 1076 ⁷
102 1057 159 1094 Anno
169 1056 248 1094 Domini
266 1057 315 1106 1384
331 1056 367 1094 tuit
380 1056 486 1105 capitulum
495 1057 584 1105 generale
596 1056 713 1094 celebratum
725 1056 744 1093 in

76 1125 172 1164 ‘Avinione
182 1125 286 1173 provinciae
295 1125 400 1162 Provinciae
409 1130 427 1163 et
434 1125 471 1162 ruit
480 1126 541 1163 iactus
551 1124 646 1174 generalis
655 1125 746 1173 Magister

77 1196 133 1231 trater
146 1193 276 1243 Raymundus
296 1193 384 1241 Baquerii
404 1193 509 1241 provinciae
523 1193 619 1230 Narbonae
636 1197 745 1231 conventus

76 1261 172 1309 Biterris(
187 1261 202 1311 ).
415 1266 417 1268 ’
706 1264 707 1268 ’

79 1345 81 1348 ⁴
103 1320 162 1367 Anno
171 1330 250 1367 Domini
265 1331 313 1379 1387
329 1329 365 1366 fuit
377 1330 495 1367 celebratum
508 1329 614 1377 capitutum
629 1330 716 1376 generate
726 1329 745 1366 in

75 1398 143 1436 Castro
153 1409 206 1437 novo
218 1398 242 1435 de
253 1398 310 1435 Arrio
319 1398 424 1447 provinciae
435 1397 553 1435 Tholosanae
565 1409 599 1447 per
607 1398 692 1435 eundern
706 1409 746 1434 rna-

76 1468 169 1515 gistrum.

102 1536 162 1572 Anno
172 1533 250 1572 Domini
266 1535 314 1584 1389
329 1534 365 1572 iuit
377 1535 494 1572 celebratum
507 1534 613 1583 capitulum
626 1534 745 1582 generalem

76 1603 190 1652 Perpiniano
201 1603 305 1652 provincie
312 1603 439 1647 cathaloniae,
450 1607 469 1641 et
480 1603 517 1641 fuit
528 1605 591 1642 iactus
599 1603 694 1651 generalis
706 1603 747 1640 Ma-

76 1673 136 1721 gister
152 1673 208 1709 irater
220 1672 316 1718 iohannes
332 1672 400 1711 Grossi
412 1671 518 1720 provinciae
526 1671 624 1717 Tholosae‚
635 1668 746 1718 conventus

77 1725 219 1788 Appaaniarum
230 1738 267 1790 (5).

81 1847 83 1851 ’
99 1854 149 1886 Loco
156 1852 261 1886 ultimorum
270 1853 391 1895 capitulorum
399 1853 489 1896 exemplar
497 1854 604 1887 Vaticanum
614 1865 624 1886 a
632 1855 652 1886 P.
659 1854 745 1899 γ..1011111116

78 1912 208 1953 Nepomuceno
222 1910 330 1953 exscriptum
344 1919 362 1944 et
371 1922 392 1944 ex
406 1911 486 1953 parribus
497 1912 635 1944 Urbauisterum
645 1912 743 1945 oriundum

78 1968 171 2012 sequentia
179 1968 233 2002 haber
242 1980 246 2001 :
527 1968 529 1971 “

101 2123 124 2164 (1]
134 2121 145 2155 i.
156 2132 172 2154 e.
184 2122 277 2165 Aquarum
287 2130 400 2154 mortuarum
408 2121 576 2164 (nigraes-mones).

101 2181 121 2221 (ai
132 2179 144 2213 i.
154 2190 170 2212 e.
182 2179 327 2223 Puy-en-Velay.

101 2238 123 2279 (3)
133 2237 145 2270 i.
154 2248 170 2270 e.
181 2238 273 2272 Menonca.

102 2297 123 2338 (4i
133 2297 145 2328 i.
155 2306 171 2328 e.
185 2297 270 2339 Bourges.

102 2354 124 2396 (ὃ)
132 2353 144 2386 i.
154 2364 171 2387 e.
184 2353 270 2387 Pamiers.
302 2355 304 2358 ⁴
