<?xml version="1.0" encoding="UTF-8"?>
<!DOCTYPE html PUBLIC "-//W3C//DTD XHTML 1.0 Transitional//EN"
    "http://www.w3.org/TR/xhtml1/DTD/xhtml1-transitional.dtd">
<html xmlns="http://www.w3.org/1999/xhtml" xml:lang="en" lang="en">
 <head>
  <title>
</title>
<meta http-equiv="Content-Type" content="text/html;charset=utf-8" />
  <meta name='ocr-system' content='tesseract 3.04.00' />
  <meta name='ocr-capabilities' content='ocr_page ocr_carea ocr_par ocr_line ocrx_word'/>
</head>
<body>
  <div class='ocr_page' id='page_1' title='image "MN5087ucmf_2_0211.png"; bbox 0 0 1631 2703; ppageno 0'>
   <div class='ocr_carea' id='block_1_1' title="bbox 40 94 713 2208">
    <p class='ocr_par' dir='ltr' id='par_1_1' title="bbox 42 94 713 354">
     <span class='ocr_line' id='line_1_1' title="bbox 281 94 710 148; baseline 0.002 -15"><span class='ocrx_word' id='word_1_1' title='bbox 281 108 308 139; x_wconf 63' lang='grc'>1.,</span> <span class='ocrx_word' id='word_1_2' title='bbox 318 107 340 134; x_wconf 49' lang='lat' dir='ltr'>bs</span> <span class='ocrx_word' id='word_1_3' title='bbox 355 94 472 147; x_wconf 74' lang='lat'>1264-1393.</span> <span class='ocrx_word' id='word_1_4' title='bbox 672 108 710 148; x_wconf 67' lang='grc' dir='ltr'>ί195</span> 
     </span>
     <span class='ocr_line' id='line_1_2' title="bbox 43 180 711 230; baseline 0.009 -17"><span class='ocrx_word' id='word_1_5' title='bbox 43 180 61 214; x_wconf 91' lang='lat' dir='ltr'>et</span> <span class='ocrx_word' id='word_1_6' title='bbox 76 182 155 220; x_wconf 78' lang='lat' dir='ltr'>amotae</span> <span class='ocrx_word' id='word_1_7' title='bbox 176 180 254 217; x_wconf 82' lang='lat' dir='ltr'>inerunt</span> <span class='ocrx_word' id='word_1_8' title='bbox 266 181 364 225; x_wconf 83' lang='lat' dir='ltr'>undecim,</span> <span class='ocrx_word' id='word_1_9' title='bbox 384 186 403 218; x_wconf 89' lang='lat' dir='ltr'>et</span> <span class='ocrx_word' id='word_1_10' title='bbox 414 185 459 218; x_wconf 86' lang='lat' dir='ltr'>ante</span> <span class='ocrx_word' id='word_1_11' title='bbox 477 181 495 218; x_wconf 92' lang='lat' dir='ltr'>in</span> <span class='ocrx_word' id='word_1_12' title='bbox 514 180 598 229; x_wconf 85' lang='lat' dir='ltr'>capitulo</span> <span class='ocrx_word' id='word_1_13' title='bbox 610 181 711 230; x_wconf 80' lang='lat' dir='ltr'>parisiensi</span> 
     </span>
     <span class='ocr_line' id='line_1_3' title="bbox 42 246 713 298; baseline 0.007 -16"><span class='ocrx_word' id='word_1_14' title='bbox 42 246 154 284; x_wconf 84' lang='lat' dir='ltr'>ordinatum</span> <span class='ocrx_word' id='word_1_15' title='bbox 173 252 191 284; x_wconf 91' lang='lat' dir='ltr'>et</span> <span class='ocrx_word' id='word_1_16' title='bbox 203 248 322 296; x_wconf 84' lang='lat' dir='ltr'>publicatum</span> <span class='ocrx_word' id='word_1_17' title='bbox 343 250 477 298; x_wconf 71' lang='lat' dir='ltr'>subsequens</span> <span class='ocrx_word' id='word_1_18' title='bbox 496 250 603 298; x_wconf 87' lang='lat' dir='ltr'>capitulum</span> <span class='ocrx_word' id='word_1_19' title='bbox 616 250 713 298; x_wconf 75' lang='lat' dir='ltr'>Burdoga-</span> 
     </span>
     <span class='ocr_line' id='line_1_4' title="bbox 42 298 699 354; baseline 0.003 -3"><span class='ocrx_word' id='word_1_20' title='bbox 42 314 72 351; x_wconf 84' lang='lat' dir='ltr'>liae</span> <span class='ocrx_word' id='word_1_21' title='bbox 83 315 181 354; x_wconf 86' lang='lat' dir='ltr'>celebrari.</span> <span class='ocrx_word' id='word_1_22' title='bbox 698 298 699 304; x_wconf 22' lang='lat'>¹</span> 
     </span>
    </p>

    <p class='ocr_par' dir='ltr' id='par_1_2' title="bbox 40 376 710 775">
     <span class='ocr_line' id='line_1_5' title="bbox 63 376 709 435; baseline 0.008 -15"><span class='ocrx_word' id='word_1_23' title='bbox 63 376 126 421; x_wconf 66' lang='lat' dir='ltr'>&#39;‘Anno</span> <span class='ocrx_word' id='word_1_24' title='bbox 138 384 215 422; x_wconf 79' lang='lat' dir='ltr'>Domini</span> <span class='ocrx_word' id='word_1_25' title='bbox 229 396 275 434; x_wconf 81' lang='lat'><strong>1275</strong></span> <span class='ocrx_word' id='word_1_26' title='bbox 289 386 312 423; x_wconf 92' lang='lat' dir='ltr'>ad</span> <span class='ocrx_word' id='word_1_27' title='bbox 325 392 408 434; x_wconf 82' lang='lat' dir='ltr'>quatuor</span> <span class='ocrx_word' id='word_1_28' title='bbox 420 388 458 424; x_wconf 84' lang='lat' dir='ltr'>iere</span> <span class='ocrx_word' id='word_1_29' title='bbox 475 398 537 424; x_wconf 87' lang='lat' dir='ltr'>annos</span> <span class='ocrx_word' id='word_1_30' title='bbox 547 392 591 435; x_wconf 87' lang='lat' dir='ltr'>post</span> <span class='ocrx_word' id='word_1_31' title='bbox 603 388 709 435; x_wconf 81' lang='lat' dir='ltr'>capitulum</span> 
     </span>
     <span class='ocr_line' id='line_1_6' title="bbox 41 452 708 503; baseline 0.004 -14"><span class='ocrx_word' id='word_1_32' title='bbox 41 452 123 490; x_wconf 76' lang='lat' dir='ltr'>Parisios</span> <span class='ocrx_word' id='word_1_33' title='bbox 134 465 170 501; x_wconf 90' lang='lat' dir='ltr'>ego</span> <span class='ocrx_word' id='word_1_34' title='bbox 183 454 276 502; x_wconf 88' lang='lat' dir='ltr'>magister</span> <span class='ocrx_word' id='word_1_35' title='bbox 299 455 356 492; x_wconf 82' lang='lat' dir='ltr'>irater</span> <span class='ocrx_word' id='word_1_36' title='bbox 368 454 456 492; x_wconf 80' lang='lat' dir='ltr'>Sibertus</span> <span class='ocrx_word' id='word_1_37' title='bbox 476 455 542 496; x_wconf 83' lang='lat' dir='ltr'>inveni</span> <span class='ocrx_word' id='word_1_38' title='bbox 557 455 577 492; x_wconf 88' lang='lat' dir='ltr'>in</span> <span class='ocrx_word' id='word_1_39' title='bbox 590 455 708 503; x_wconf 84' lang='lat' dir='ltr'>quibusdam</span> 
     </span>
     <span class='ocr_line' id='line_1_7' title="bbox 41 521 710 572; baseline 0.004 -14"><span class='ocrx_word' id='word_1_40' title='bbox 41 521 214 560; x_wconf 73' lang='lat' dir='ltr'>constitutionibus</span> <span class='ocrx_word' id='word_1_41' title='bbox 225 523 302 571; x_wconf 83' lang='lat' dir='ltr'>Angliae</span> <span class='ocrx_word' id='word_1_42' title='bbox 311 524 365 571; x_wconf 85' lang='lat' dir='ltr'>quod</span> <span class='ocrx_word' id='word_1_43' title='bbox 385 523 432 566; x_wconf 77' lang='lat' dir='ltr'>iilud</span> <span class='ocrx_word' id='word_1_44' title='bbox 448 524 554 572; x_wconf 83' lang='lat' dir='ltr'>capitulum</span> <span class='ocrx_word' id='word_1_45' title='bbox 567 524 710 572; x_wconf 85' lang='lat' dir='ltr'>Burdegalense</span> 
     </span>
     <span class='ocr_line' id='line_1_8' title="bbox 41 590 708 640; baseline 0.004 -14"><span class='ocrx_word' id='word_1_46' title='bbox 41 590 76 627; x_wconf 89' lang='grc'>11111</span> <span class='ocrx_word' id='word_1_47' title='bbox 89 591 207 628; x_wconf 86' lang='lat' dir='ltr'>celebratum</span> <span class='ocrx_word' id='word_1_48' title='bbox 219 603 272 629; x_wconf 88' lang='lat' dir='ltr'>anno</span> <span class='ocrx_word' id='word_1_49' title='bbox 284 592 363 628; x_wconf 78' lang='lat' dir='ltr'>Domini</span> <span class='ocrx_word' id='word_1_50' title='bbox 380 603 426 640; x_wconf 74' lang='lat'>¹²73</span> <span class='ocrx_word' id='word_1_51' title='bbox 441 592 460 628; x_wconf 96' lang='lat' dir='ltr'>in</span> <span class='ocrx_word' id='word_1_52' title='bbox 476 591 583 640; x_wconf 85' lang='lat' dir='ltr'>Epiphania</span> <span class='ocrx_word' id='word_1_53' title='bbox 595 592 673 629; x_wconf 87' lang='lat' dir='ltr'>Domini</span> <span class='ocrx_word' id='word_1_54' title='bbox 685 593 708 629; x_wconf 86' lang='lat' dir='ltr'>ad</span> 
     </span>
     <span class='ocr_line' id='line_1_9' title="bbox 40 658 709 707; baseline 0.004 -13"><span class='ocrx_word' id='word_1_55' title='bbox 40 658 90 695; x_wconf 86' lang='lat' dir='ltr'>duos</span> <span class='ocrx_word' id='word_1_56' title='bbox 102 670 166 696; x_wconf 88' lang='lat' dir='ltr'>annos</span> <span class='ocrx_word' id='word_1_57' title='bbox 178 660 207 695; x_wconf 89' lang='lat' dir='ltr'>vel</span> <span class='ocrx_word' id='word_1_58' title='bbox 218 670 286 707; x_wconf 81' lang='lat' dir='ltr'>parurn</span> <span class='ocrx_word' id='word_1_59' title='bbox 299 660 343 707; x_wconf 85' lang='lat' dir='ltr'>plus</span> <span class='ocrx_word' id='word_1_60' title='bbox 356 665 400 707; x_wconf 88' lang='lat' dir='ltr'>post</span> <span class='ocrx_word' id='word_1_61' title='bbox 409 659 517 707; x_wconf 85' lang='lat' dir='ltr'>capitulum</span> <span class='ocrx_word' id='word_1_62' title='bbox 530 659 642 707; x_wconf 70' lang='lat' dir='ltr'>parisiense,</span> <span class='ocrx_word' id='word_1_63' title='bbox 656 665 674 697; x_wconf 86' lang='lat' dir='ltr'>et</span> <span class='ocrx_word' id='word_1_64' title='bbox 687 660 709 697; x_wconf 85' lang='lat' dir='ltr'>il-</span> 
     </span>
     <span class='ocr_line' id='line_1_10' title="bbox 41 726 426 775; baseline 0.003 -12"><span class='ocrx_word' id='word_1_65' title='bbox 41 726 74 763; x_wconf 88' lang='lat' dir='ltr'>lud</span> <span class='ocrx_word' id='word_1_66' title='bbox 86 727 162 764; x_wconf 87' lang='lat' dir='ltr'>videtur</span> <span class='ocrx_word' id='word_1_67' title='bbox 170 729 288 765; x_wconf 82' lang='lat' dir='ltr'>concordare</span> <span class='ocrx_word' id='word_1_68' title='bbox 298 740 342 765; x_wconf 84' lang='lat' dir='ltr'>curn</span> <span class='ocrx_word' id='word_1_69' title='bbox 355 728 426 775; x_wconf 79' lang='lat' dir='ltr'>primo.</span> 
     </span>
    </p>

    <p class='ocr_par' dir='ltr' id='par_1_3' title="bbox 40 795 708 1050">
     <span class='ocr_line' id='line_1_11' title="bbox 65 795 708 845; baseline 0.005 -13"><span class='ocrx_word' id='word_1_70' title='bbox 65 795 123 832; x_wconf 84' lang='lat' dir='ltr'>Anno</span> <span class='ocrx_word' id='word_1_71' title='bbox 138 795 216 832; x_wconf 88' lang='lat' dir='ltr'>Domini</span> <span class='ocrx_word' id='word_1_72' title='bbox 232 806 279 845; x_wconf 79' lang='lat'><strong>¹277</strong></span> <span class='ocrx_word' id='word_1_73' title='bbox 292 796 311 833; x_wconf 89' lang='lat' dir='ltr'>in</span> <span class='ocrx_word' id='word_1_74' title='bbox 328 797 377 833; x_wconf 83' lang='lat' dir='ltr'>sesto</span> <span class='ocrx_word' id='word_1_75' title='bbox 390 796 514 833; x_wconf 84' lang='lat' dir='ltr'>Pentecostes</span> <span class='ocrx_word' id='word_1_76' title='bbox 529 796 548 832; x_wconf 92' lang='lat' dir='ltr'>in</span> <span class='ocrx_word' id='word_1_77' title='bbox 560 795 627 833; x_wconf 82' lang='lat' dir='ltr'>Monte</span> <span class='ocrx_word' id='word_1_78' title='bbox 639 797 708 835; x_wconf 85' lang='lat' dir='ltr'>Pessu-</span> 
     </span>
     <span class='ocr_line' id='line_1_12' title="bbox 40 863 707 912; baseline 0.003 -12"><span class='ocrx_word' id='word_1_79' title='bbox 40 863 85 900; x_wconf 85' lang='lat' dir='ltr'>lano</span> <span class='ocrx_word' id='word_1_80' title='bbox 97 863 116 900; x_wconf 93' lang='lat' dir='ltr'>in</span> <span class='ocrx_word' id='word_1_81' title='bbox 127 863 225 911; x_wconf 85' lang='lat' dir='ltr'>provincia</span> <span class='ocrx_word' id='word_1_82' title='bbox 246 864 343 901; x_wconf 75' lang='lat' dir='ltr'>Narbonae</span> <span class='ocrx_word' id='word_1_83' title='bbox 361 864 414 912; x_wconf 86' lang='lat' dir='ltr'>quod</span> <span class='ocrx_word' id='word_1_84' title='bbox 435 865 473 901; x_wconf 83' lang='lat' dir='ltr'>lere</span> <span class='ocrx_word' id='word_1_85' title='bbox 486 869 531 912; x_wconf 87' lang='lat' dir='ltr'>post</span> <span class='ocrx_word' id='word_1_86' title='bbox 543 869 627 912; x_wconf 88' lang='lat' dir='ltr'>quatuor</span> <span class='ocrx_word' id='word_1_87' title='bbox 643 877 707 903; x_wconf 93' lang='lat' dir='ltr'>annos</span> 
     </span>
     <span class='ocr_line' id='line_1_13' title="bbox 41 931 707 982; baseline 0.005 -14"><span class='ocrx_word' id='word_1_88' title='bbox 41 931 76 969; x_wconf 84' lang='grc'>11111</span> <span class='ocrx_word' id='word_1_89' title='bbox 96 937 140 980; x_wconf 88' lang='lat' dir='ltr'>post</span> <span class='ocrx_word' id='word_1_90' title='bbox 154 932 296 980; x_wconf 78' lang='lat' dir='ltr'>burdegalense</span> <span class='ocrx_word' id='word_1_91' title='bbox 314 932 421 980; x_wconf 85' lang='lat' dir='ltr'>capitulum</span> <span class='ocrx_word' id='word_1_92' title='bbox 439 938 479 970; x_wconf 86' lang='lat' dir='ltr'>erat</span> <span class='ocrx_word' id='word_1_93' title='bbox 490 932 596 980; x_wconf 82' lang='lat' dir='ltr'>capitulum</span> <span class='ocrx_word' id='word_1_94' title='bbox 616 935 707 982; x_wconf 88' lang='lat' dir='ltr'>generale</span> 
     </span>
     <span class='ocr_line' id='line_1_14' title="bbox 41 999 335 1050; baseline 0 -13"><span class='ocrx_word' id='word_1_95' title='bbox 41 1000 73 1037; x_wconf 87' lang='lat' dir='ltr'>ubi</span> <span class='ocrx_word' id='word_1_96' title='bbox 84 1000 131 1037; x_wconf 84' lang='lat' dir='ltr'>nibil</span> <span class='ocrx_word' id='word_1_97' title='bbox 144 1006 241 1037; x_wconf 83' lang='lat' dir='ltr'>mutatum</span> <span class='ocrx_word' id='word_1_98' title='bbox 252 1000 293 1038; x_wconf 87' lang='grc'>11111.</span> <span class='ocrx_word' id='word_1_99' title='bbox 304 999 335 1050; x_wconf 91' lang='grc'>(1)</span> 
     </span>
    </p>

    <p class='ocr_par' dir='ltr' id='par_1_4' title="bbox 40 1068 709 1252">
     <span class='ocr_line' id='line_1_15' title="bbox 67 1068 707 1118; baseline 0.003 -13"><span class='ocrx_word' id='word_1_100' title='bbox 67 1068 126 1106; x_wconf 81' lang='lat' dir='ltr'>Anno</span> <span class='ocrx_word' id='word_1_101' title='bbox 140 1068 218 1106; x_wconf 87' lang='lat' dir='ltr'>Domini</span> <span class='ocrx_word' id='word_1_102' title='bbox 234 1071 278 1106; x_wconf 87' lang='lat'>1281</span> <span class='ocrx_word' id='word_1_103' title='bbox 302 1069 337 1106; x_wconf 87' lang='grc'>11111</span> <span class='ocrx_word' id='word_1_104' title='bbox 357 1069 474 1106; x_wconf 86' lang='lat' dir='ltr'>celebratum</span> <span class='ocrx_word' id='word_1_105' title='bbox 493 1070 582 1117; x_wconf 86' lang='lat' dir='ltr'>generale</span> <span class='ocrx_word' id='word_1_106' title='bbox 600 1070 707 1118; x_wconf 85' lang='lat' dir='ltr'>capitulum</span> 
     </span>
     <span class='ocr_line' id='line_1_16' title="bbox 40 1136 709 1185; baseline 0.001 -12"><span class='ocrx_word' id='word_1_107' title='bbox 40 1136 145 1173; x_wconf 85' lang='lat' dir='ltr'>Londoniis</span> <span class='ocrx_word' id='word_1_108' title='bbox 156 1136 176 1173; x_wconf 95' lang='lat' dir='ltr'>in</span> <span class='ocrx_word' id='word_1_109' title='bbox 188 1136 259 1185; x_wconf 86' lang='lat' dir='ltr'>Anglia</span> <span class='ocrx_word' id='word_1_110' title='bbox 269 1136 288 1173; x_wconf 94' lang='lat' dir='ltr'>in</span> <span class='ocrx_word' id='word_1_111' title='bbox 301 1138 350 1174; x_wconf 82' lang='lat' dir='ltr'>testo</span> <span class='ocrx_word' id='word_1_112' title='bbox 362 1137 486 1174; x_wconf 85' lang='lat' dir='ltr'>Pentecostes</span> <span class='ocrx_word' id='word_1_113' title='bbox 499 1147 532 1185; x_wconf 86' lang='lat' dir='ltr'>per</span> <span class='ocrx_word' id='word_1_114' title='bbox 544 1138 655 1184; x_wconf 82' lang='lat' dir='ltr'>generalem</span> <span class='ocrx_word' id='word_1_115' title='bbox 675 1138 709 1174; x_wconf 77' lang='lat' dir='ltr'>l&#39;e-</span> 
     </span>
     <span class='ocr_line' id='line_1_17' title="bbox 40 1209 131 1252; baseline -0.011 -10"><span class='ocrx_word' id='word_1_116' title='bbox 40 1210 101 1252; x_wconf 86' lang='lat' dir='ltr'>trum,</span> <span class='ocrx_word' id='word_1_117' title='bbox 112 1209 131 1242; x_wconf 88' lang='lat' dir='ltr'>et</span> 
     </span>
    </p>

    <p class='ocr_par' dir='ltr' id='par_1_5' title="bbox 40 1272 708 1457">
     <span class='ocr_line' id='line_1_18' title="bbox 52 1272 708 1321; baseline 0 -12"><span class='ocrx_word' id='word_1_118' title='bbox 52 1284 118 1310; x_wconf 91' lang='lat' dir='ltr'>-anno</span> <span class='ocrx_word' id='word_1_119' title='bbox 135 1273 214 1310; x_wconf 89' lang='lat' dir='ltr'>Domini</span> <span class='ocrx_word' id='word_1_120' title='bbox 237 1274 285 1319; x_wconf 87' lang='lat'>1284</span> <span class='ocrx_word' id='word_1_121' title='bbox 304 1273 341 1309; x_wconf 88' lang='grc'>11111</span> <span class='ocrx_word' id='word_1_122' title='bbox 357 1273 477 1310; x_wconf 84' lang='lat' dir='ltr'>celebratum</span> <span class='ocrx_word' id='word_1_123' title='bbox 490 1272 597 1321; x_wconf 84' lang='lat' dir='ltr'>capitulum</span> <span class='ocrx_word' id='word_1_124' title='bbox 618 1274 708 1321; x_wconf 89' lang='lat' dir='ltr'>generale</span> 
     </span>
     <span class='ocr_line' id='line_1_19' title="bbox 42 1340 708 1390; baseline -0.002 -11"><span class='ocrx_word' id='word_1_125' title='bbox 42 1341 104 1390; x_wconf 80' lang='lat' dir='ltr'>Papiae</span> <span class='ocrx_word' id='word_1_126' title='bbox 123 1341 143 1378; x_wconf 89' lang='lat' dir='ltr'>in</span> <span class='ocrx_word' id='word_1_127' title='bbox 155 1340 255 1389; x_wconf 83' lang='lat' dir='ltr'>provincia</span> <span class='ocrx_word' id='word_1_128' title='bbox 274 1340 396 1378; x_wconf 80' lang='lat' dir='ltr'>Lumbardiae</span> <span class='ocrx_word' id='word_1_129' title='bbox 418 1341 449 1388; x_wconf 89' lang='lat' dir='ltr'>(ut</span> <span class='ocrx_word' id='word_1_130' title='bbox 469 1340 562 1389; x_wconf 82' lang='lat' dir='ltr'>creditur)</span> <span class='ocrx_word' id='word_1_131' title='bbox 582 1352 616 1389; x_wconf 86' lang='lat' dir='ltr'>per</span> <span class='ocrx_word' id='word_1_132' title='bbox 630 1341 708 1378; x_wconf 85' lang='lat' dir='ltr'>Petrum</span> 
     </span>
     <span class='ocr_line' id='line_1_20' title="bbox 40 1409 434 1457; baseline 0 -11"><span class='ocrx_word' id='word_1_133' title='bbox 40 1410 156 1457; x_wconf 86' lang='lat' dir='ltr'>generalem.</span> <span class='ocrx_word' id='word_1_134' title='bbox 432 1409 434 1412; x_wconf 81' lang='grc'><strong>’</strong></span> 
     </span>
    </p>

    <p class='ocr_par' dir='ltr' id='par_1_6' title="bbox 40 1474 710 1730">
     <span class='ocr_line' id='line_1_21' title="bbox 67 1474 710 1528; baseline -0.003 -13"><span class='ocrx_word' id='word_1_135' title='bbox 67 1476 116 1528; x_wconf 78' lang='lat' dir='ltr'>(Fol.</span> <span class='ocrx_word' id='word_1_136' title='bbox 132 1474 189 1527; x_wconf 73' lang='lat'>1062)</span> <span class='ocrx_word' id='word_1_137' title='bbox 211 1476 269 1519; x_wconf 82' lang='lat' dir='ltr'>Anno</span> <span class='ocrx_word' id='word_1_138' title='bbox 292 1476 371 1513; x_wconf 87' lang='lat' dir='ltr'>Domini</span> <span class='ocrx_word' id='word_1_139' title='bbox 387 1477 435 1525; x_wconf 85' lang='lat'>1287</span> <span class='ocrx_word' id='word_1_140' title='bbox 451 1476 532 1514; x_wconf 79' lang='lat' dir='ltr'>infesto</span> <span class='ocrx_word' id='word_1_141' title='bbox 555 1481 628 1514; x_wconf 80' lang='lat' dir='ltr'>sanctae</span> <span class='ocrx_word' id='word_1_142' title='bbox 645 1476 710 1513; x_wconf 84' lang='lat' dir='ltr'>Mariae</span> 
     </span>
     <span class='ocr_line' id='line_1_22' title="bbox 40 1545 709 1594; baseline -0.003 -11"><span class='ocrx_word' id='word_1_143' title='bbox 40 1546 159 1594; x_wconf 86' lang='lat' dir='ltr'>Magdalenae</span> <span class='ocrx_word' id='word_1_144' title='bbox 170 1545 207 1582; x_wconf 85' lang='lat' dir='ltr'>init</span> <span class='ocrx_word' id='word_1_145' title='bbox 224 1545 243 1581; x_wconf 92' lang='lat' dir='ltr'>in</span> <span class='ocrx_word' id='word_1_146' title='bbox 258 1545 325 1582; x_wconf 83' lang='lat' dir='ltr'>Monte</span> <span class='ocrx_word' id='word_1_147' title='bbox 342 1545 448 1582; x_wconf 81' lang='lat' dir='ltr'>Pessulano</span> <span class='ocrx_word' id='word_1_148' title='bbox 460 1545 579 1582; x_wconf 85' lang='lat' dir='ltr'>celebratum</span> <span class='ocrx_word' id='word_1_149' title='bbox 600 1545 709 1593; x_wconf 85' lang='lat' dir='ltr'>capitulum</span> 
     </span>
     <span class='ocr_line' id='line_1_23' title="bbox 41 1612 710 1662; baseline -0.001 -11"><span class='ocrx_word' id='word_1_150' title='bbox 41 1614 129 1662; x_wconf 82' lang='lat' dir='ltr'>generale</span> <span class='ocrx_word' id='word_1_151' title='bbox 141 1614 159 1651; x_wconf 90' lang='lat' dir='ltr'>in</span> <span class='ocrx_word' id='word_1_152' title='bbox 170 1612 268 1662; x_wconf 85' lang='lat' dir='ltr'>provincia</span> <span class='ocrx_word' id='word_1_153' title='bbox 279 1613 377 1650; x_wconf 75' lang='lat' dir='ltr'>Narbonae</span> <span class='ocrx_word' id='word_1_154' title='bbox 387 1613 420 1651; x_wconf 87' lang='lat' dir='ltr'>ubi</span> <span class='ocrx_word' id='word_1_155' title='bbox 430 1618 519 1651; x_wconf 86' lang='lat' dir='ltr'>mutatus</span> <span class='ocrx_word' id='word_1_156' title='bbox 528 1618 558 1651; x_wconf 91' lang='lat' dir='ltr'>est</span> <span class='ocrx_word' id='word_1_157' title='bbox 584 1613 662 1650; x_wconf 82' lang='lat' dir='ltr'>habitus</span> <span class='ocrx_word' id='word_1_158' title='bbox 676 1624 710 1650; x_wconf 93' lang='lat' dir='ltr'>no-</span> 
     </span>
     <span class='ocr_line' id='line_1_24' title="bbox 41 1682 600 1730; baseline -0.004 -10"><span class='ocrx_word' id='word_1_159' title='bbox 41 1688 86 1720; x_wconf 77' lang='lat' dir='ltr'>snae</span> <span class='ocrx_word' id='word_1_160' title='bbox 94 1682 192 1730; x_wconf 84' lang='lat' dir='ltr'>religionis</span> <span class='ocrx_word' id='word_1_161' title='bbox 204 1682 317 1719; x_wconf 79' lang='lat' dir='ltr'>anctoritate</span> <span class='ocrx_word' id='word_1_162' title='bbox 328 1682 434 1730; x_wconf 88' lang='lat' dir='ltr'>apostolica</span> <span class='ocrx_word' id='word_1_163' title='bbox 446 1682 502 1718; x_wconf 89' lang='lat' dir='ltr'>Petro</span> <span class='ocrx_word' id='word_1_164' title='bbox 509 1682 600 1730; x_wconf 87' lang='lat' dir='ltr'>generali.</span> 
     </span>
    </p>

    <p class='ocr_par' dir='ltr' id='par_1_7' title="bbox 42 1749 709 1936">
     <span class='ocr_line' id='line_1_25' title="bbox 68 1749 708 1799; baseline -0.003 -10"><span class='ocrx_word' id='word_1_165' title='bbox 68 1752 126 1789; x_wconf 78' lang='lat' dir='ltr'>Anno</span> <span class='ocrx_word' id='word_1_166' title='bbox 146 1750 224 1788; x_wconf 90' lang='lat' dir='ltr'>Domini</span> <span class='ocrx_word' id='word_1_167' title='bbox 248 1761 293 1799; x_wconf 84' lang='lat'>1291</span> <span class='ocrx_word' id='word_1_168' title='bbox 308 1749 327 1786; x_wconf 91' lang='lat' dir='ltr'>in</span> <span class='ocrx_word' id='word_1_169' title='bbox 340 1751 390 1787; x_wconf 82' lang='lat' dir='ltr'>lesio</span> <span class='ocrx_word' id='word_1_170' title='bbox 401 1750 525 1787; x_wconf 78' lang='lat' dir='ltr'>Pentecostes</span> <span class='ocrx_word' id='word_1_171' title='bbox 539 1749 575 1787; x_wconf 87' lang='lat' dir='ltr'>suit</span> <span class='ocrx_word' id='word_1_172' title='bbox 587 1750 708 1787; x_wconf 83' lang='lat' dir='ltr'>celebratum</span> 
     </span>
     <span class='ocr_line' id='line_1_26' title="bbox 42 1818 709 1867; baseline -0.003 -10"><span class='ocrx_word' id='word_1_173' title='bbox 42 1820 149 1867; x_wconf 86' lang='lat' dir='ltr'>capitulum</span> <span class='ocrx_word' id='word_1_174' title='bbox 161 1819 250 1867; x_wconf 85' lang='lat' dir='ltr'>generale</span> <span class='ocrx_word' id='word_1_175' title='bbox 259 1818 347 1856; x_wconf 84' lang='lat' dir='ltr'>Treveris</span> <span class='ocrx_word' id='word_1_176' title='bbox 359 1818 379 1855; x_wconf 89' lang='lat' dir='ltr'>in</span> <span class='ocrx_word' id='word_1_177' title='bbox 392 1818 499 1863; x_wconf 85' lang='lat' dir='ltr'>Alemania,</span> <span class='ocrx_word' id='word_1_178' title='bbox 513 1823 532 1855; x_wconf 87' lang='lat' dir='ltr'>et</span> <span class='ocrx_word' id='word_1_179' title='bbox 544 1820 599 1856; x_wconf 79' lang='lat' dir='ltr'>iactae</span> <span class='ocrx_word' id='word_1_180' title='bbox 612 1823 659 1856; x_wconf 83' lang='lat' dir='ltr'>sunt</span> <span class='ocrx_word' id='word_1_181' title='bbox 676 1819 709 1855; x_wconf 88' lang='lat' dir='ltr'>ad-</span> 
     </span>
     <span class='ocr_line' id='line_1_27' title="bbox 43 1886 263 1936; baseline -0.014 -10"><span class='ocrx_word' id='word_1_182' title='bbox 43 1886 126 1926; x_wconf 81' lang='lat' dir='ltr'>ditiones</span> <span class='ocrx_word' id='word_1_183' title='bbox 136 1899 169 1936; x_wconf 84' lang='lat' dir='ltr'>per</span> <span class='ocrx_word' id='word_1_184' title='bbox 178 1888 263 1924; x_wconf 86' lang='lat' dir='ltr'>Petrum.</span> 
     </span>
    </p>

    <p class='ocr_par' dir='ltr' id='par_1_8' title="bbox 41 1955 710 2208">
     <span class='ocr_line' id='line_1_28' title="bbox 67 1955 710 2005; baseline -0.005 -11"><span class='ocrx_word' id='word_1_185' title='bbox 67 1958 125 1995; x_wconf 75' lang='lat' dir='ltr'>Anno</span> <span class='ocrx_word' id='word_1_186' title='bbox 137 1955 214 1993; x_wconf 91' lang='lat' dir='ltr'>Domini</span> <span class='ocrx_word' id='word_1_187' title='bbox 230 1955 310 2005; x_wconf 74' lang='lat'>1294111</span> <span class='ocrx_word' id='word_1_188' title='bbox 326 1956 439 1992; x_wconf 77' lang='lat' dir='ltr'>Pentecoste</span> <span class='ocrx_word' id='word_1_189' title='bbox 451 1956 570 1992; x_wconf 84' lang='lat' dir='ltr'>celebratum</span> <span class='ocrx_word' id='word_1_190' title='bbox 585 1955 621 1991; x_wconf 87' lang='grc'>11111</span> <span class='ocrx_word' id='word_1_191' title='bbox 637 1955 710 2003; x_wconf 84' lang='lat' dir='ltr'>capitu-</span> 
     </span>
     <span class='ocr_line' id='line_1_29' title="bbox 41 2021 709 2075; baseline -0.006 -11"><span class='ocrx_word' id='word_1_192' title='bbox 41 2028 82 2064; x_wconf 88' lang='lat' dir='ltr'>lum</span> <span class='ocrx_word' id='word_1_193' title='bbox 88 2025 177 2075; x_wconf 84' lang='lat' dir='ltr'>generale</span> <span class='ocrx_word' id='word_1_194' title='bbox 184 2023 296 2072; x_wconf 83' lang='lat' dir='ltr'>Burdigaliae</span> <span class='ocrx_word' id='word_1_195' title='bbox 303 2023 322 2060; x_wconf 92' lang='lat' dir='ltr'>in</span> <span class='ocrx_word' id='word_1_196' title='bbox 329 2023 428 2071; x_wconf 86' lang='lat' dir='ltr'>provincia</span> <span class='ocrx_word' id='word_1_197' title='bbox 436 2023 560 2072; x_wconf 83' lang='lat' dir='ltr'>Burdegaliae,</span> <span class='ocrx_word' id='word_1_198' title='bbox 573 2021 604 2073; x_wconf 86' lang='lat'>(2)</span> <span class='ocrx_word' id='word_1_199' title='bbox 611 2028 630 2061; x_wconf 93' lang='lat' dir='ltr'>et</span> <span class='ocrx_word' id='word_1_200' title='bbox 636 2024 709 2061; x_wconf 84' lang='lat' dir='ltr'>iactum</span> 
     </span>
     <span class='ocr_line' id='line_1_30' title="bbox 42 2091 710 2140; baseline -0.006 -7"><span class='ocrx_word' id='word_1_201' title='bbox 42 2101 72 2133; x_wconf 86' lang='lat' dir='ltr'>est</span> <span class='ocrx_word' id='word_1_202' title='bbox 83 2106 145 2133; x_wconf 89' lang='lat' dir='ltr'>unum</span> <span class='ocrx_word' id='word_1_203' title='bbox 164 2093 257 2130; x_wconf 87' lang='lat' dir='ltr'>volumen</span> <span class='ocrx_word' id='word_1_204' title='bbox 274 2092 298 2128; x_wconf 88' lang='lat' dir='ltr'>de</span> <span class='ocrx_word' id='word_1_205' title='bbox 309 2091 453 2140; x_wconf 86' lang='lat' dir='ltr'>quinquaginta</span> <span class='ocrx_word' id='word_1_206' title='bbox 466 2092 543 2129; x_wconf 85' lang='lat' dir='ltr'>duabus</span> <span class='ocrx_word' id='word_1_207' title='bbox 562 2091 710 2129; x_wconf 86' lang='lat' dir='ltr'>constitutioni-</span> 
     </span>
     <span class='ocr_line' id='line_1_31' title="bbox 42 2159 710 2208; baseline -0.007 -6"><span class='ocrx_word' id='word_1_208' title='bbox 42 2164 87 2202; x_wconf 86' lang='lat' dir='ltr'>bus.</span> <span class='ocrx_word' id='word_1_209' title='bbox 98 2163 132 2201; x_wconf 87' lang='lat' dir='ltr'>llic</span> <span class='ocrx_word' id='word_1_210' title='bbox 144 2162 246 2199; x_wconf 85' lang='lat' dir='ltr'>absolutus</span> <span class='ocrx_word' id='word_1_211' title='bbox 258 2164 288 2198; x_wconf 88' lang='lat' dir='ltr'>est</span> <span class='ocrx_word' id='word_1_212' title='bbox 298 2160 356 2197; x_wconf 86' lang='lat' dir='ltr'>irater</span> <span class='ocrx_word' id='word_1_213' title='bbox 373 2160 440 2197; x_wconf 83' lang='lat' dir='ltr'>Petrus</span> <span class='ocrx_word' id='word_1_214' title='bbox 454 2159 556 2208; x_wconf 84' lang='lat' dir='ltr'>generalis,</span> <span class='ocrx_word' id='word_1_215' title='bbox 568 2160 608 2208; x_wconf 87' lang='lat' dir='ltr'>qui,</span> <span class='ocrx_word' id='word_1_216' title='bbox 623 2164 645 2198; x_wconf 89' lang='lat' dir='ltr'>ut</span> <span class='ocrx_word' id='word_1_217' title='bbox 657 2163 710 2208; x_wconf 88' lang='lat' dir='ltr'>patet</span> 
     </span>
    </p>
   </div>
   <div class='ocr_carea' id='block_1_2' title="bbox 63 2293 524 2421">
    <p class='ocr_par' dir='ltr' id='par_1_9' title="bbox 63 2293 524 2421">
     <span class='ocr_line' id='line_1_32' title="bbox 63 2293 524 2363; baseline -0.011 -10"><span class='ocrx_word' id='word_1_218' title='bbox 63 2320 84 2363; x_wconf 79' lang='lat' dir='ltr'>(il</span> <span class='ocrx_word' id='word_1_219' title='bbox 95 2320 115 2352; x_wconf 94' lang='lat' dir='ltr'>V.</span> <span class='ocrx_word' id='word_1_220' title='bbox 123 2293 188 2352; x_wconf 75' lang='lat' dir='ltr'>habet:</span> <span class='ocrx_word' id='word_1_221' title='bbox 198 2316 316 2350; x_wconf 84' lang='lat' dir='ltr'>nihilominus</span> <span class='ocrx_word' id='word_1_222' title='bbox 326 2315 389 2353; x_wconf 75' lang='lat' dir='ltr'>luitin</span> <span class='ocrx_word' id='word_1_223' title='bbox 398 2326 419 2349; x_wconf 87' lang='lat' dir='ltr'>eo</span> <span class='ocrx_word' id='word_1_224' title='bbox 429 2323 524 2349; x_wconf 85' lang='lat' dir='ltr'>mutatum.</span> 
     </span>
     <span class='ocr_line' id='line_1_33' title="bbox 64 2374 316 2421; baseline -0.016 -10"><span class='ocrx_word' id='word_1_225' title='bbox 64 2381 88 2421; x_wconf 77' lang='lat' dir='ltr'>(a)</span> <span class='ocrx_word' id='word_1_226' title='bbox 101 2378 152 2421; x_wconf 82' lang='lat' dir='ltr'>lege:</span> <span class='ocrx_word' id='word_1_227' title='bbox 164 2374 272 2420; x_wconf 72' lang='lat' dir='ltr'>Aquitaniae.</span> <span class='ocrx_word' id='word_1_228' title='bbox 314 2406 316 2408; x_wconf 81' lang='grc'>,</span> 
     </span>
    </p>
   </div>
   <div class='ocr_carea' id='block_1_3' title="bbox 0 0 820 2703">
    <p class='ocr_par' dir='ltr' id='par_1_10' title="bbox 0 0 820 2703">
     <span class='ocr_line' id='line_1_34' title="bbox 0 0 820 2703; baseline 0 0"><span class='ocrx_word' id='word_1_229' title='bbox 0 0 820 2703; x_wconf 95' lang='lat' dir='ltr'> </span> 
     </span>
    </p>
   </div>
  </div>
 </body>
</html>
