1631 2703
99 104 128 152 72'
357 103 519 142 coasrrruuones

104 203 108 208 ·
126 180 159 228 ao.
171 179 281 228 Statuimus
289 178 343 239 quod
352 178 372 227 in
381 189 470 239 quolibet
481 189 525 228 loco
535 189 597 227 totius
609 187 684 226 ordinis
698 188 730 226 die
742 199 773 225 ca-

99 258 156 307 pituli
168 259 264 309 generalis
274 260 334 298 missa
344 259 367 297 de
376 259 447 298 Sancto
457 259 528 308 Spiritu
535 259 650 297 celebretur.
659 257 681 296 Et
690 258 773 296 durante

99 327 185 378 capitulo
198 340 234 378 pro
243 329 348 367 animabus
357 330 447 377 fratrum,
458 328 583 367 familiarium
594 333 613 366 et
624 328 772 365 benefactorum

100 403 119 437 et
130 399 209 437 illorum
222 398 255 447 qui
272 398 336 437 literas
355 397 519 436 confraternitatis
531 397 642 441 habuerint,
665 397 725 435 missa
737 396 774 434 De-

101 461 215 507 functorum
228 468 341 506 celebretur.
354 468 406 505 ldem
418 468 452 506 hat
463 467 549 517 capitulo
567 466 680 517 provinciali
692 467 774 505 durante

100 538 120 576 in
129 538 214 588 singulis
223 538 353 577 conventibus
364 538 415 577 illius
425 538 530 588 provinciae
539 538 558 575 in
571 548 610 587 qua
620 537 734 586 praedictum
744 548 775 574 ca·
795 536 796 539 ’

101 608 187 658 pitulum
200 608 314 647 celebratur.

127 689 160 716 21.
174 679 221 717 ltem
234 678 341 717 statuimus
349 678 398 729 (Fol.
410 690 434 728 23
447 676 467 728 a)
483 678 537 727 quod
549 677 615 715 nullus
630 677 653 714 acl
666 677 730 715 locum
743 687 772 713 ca·

100 748 157 797 pituli
170 748 266 797 generalis
286 749 316 787 vel
328 748 451 797 provincialis
469 747 534 786 veniat
545 753 590 785 ante
602 747 689 796 vigiliam
702 746 774 796 vigiliae

101 829 146 855 cuna
158 818 248 867 generale
263 819 293 856 vel
303 818 422 867 provinciale
431 817 538 867 capitulum
548 818 607 856 debet
616 816 641 855 in.
648 817 734 856 crastino
746 828 775 855 ce-

102 888 178 926 lebrari.

328 972 354 1011 br
366 974 456 1022 inreptione
466 973 552 1022 unatrita

109 1113 111 1116 ,
130 1088 162 1114 22.
176 1076 227 1114 Cum
240 1075 281 1114 dies
292 1075 391 1125 assignata
403 1076 482 1126 capituli
500 1077 600 1115 advenerit
611 1077 624 1115 i.
643 1090 660 1115 e.
680 1077 700 1116 in
713 1076 777 1127 vigilia

103 1146 166 1196 ipsius
174 1145 226 1194 festi,
246 1157 287 1184 non
299 1146 390 1184 obstante
402 1147 484 1196 alicujus
495 1147 559 1185 vocati
578 1159 704 1197 quacumque
722 1158 777 1184 occa-

102 1216 158 1255 sione
170 1228 191 1255 se
202 1215 324 1255 absentantis
336 1216 430 1261 absentia,
444 1216 553 1266 capitulum
569 1218 659 1267 generate
672 1217 777 1255 celebrabi-

101 1291 134 1337 tur
143 1286 181 1325 sub
191 1287 226 1324 hac
233 1286 304 1325 forma.
316 1285 380 1324 Primo
390 1286 465 1325 dicatur
474 1287 589 1325 solemniter
601 1287 660 1325 Missa
670 1287 693 1325 de
705 1286 777 1335 Spiritu

101 1355 180 1394 Sancto.
194 1355 285 1394 Secundo
294 1356 328 1394 frat
340 1367 414 1401 sermo,
428 1361 447 1394 et
462 1361 507 1404 post
519 1368 631 1395 sennonem
641 1357 675 1395 frat
690 1368 778 1395 comme-

100 1425 183 1463 moratio
200 1425 291 1470 fratrum,
309 1425 441 1471 familiarium,
463 1426 618 1471 benefactorum,
637 1431 775 1475 patronorum,

100 1499 121 1532 et
135 1495 201 1533 literas
216 1494 381 1533 confraternitatis
397 1495 513 1533 habentium
525 1495 545 1533 in
566 1496 650 1545 singulis
671 1495 777 1545 provinciis

103 1565 151 1603 citra
162 1564 275 1614 proximum
289 1565 402 1614 praecedens
414 1566 522 1614 capitulum
532 1566 621 1614 generale
631 1566 776 1604 defunctorum.

102 1635 125 1672 Et
137 1634 211 1672 dicatur
220 1634 251 1672 l's.
263 1634 292 1672 Dc
300 1635 409 1682 probandis.
423 1636 481 1673 Pater
490 1638 559 1674 noster.
574 1636 595 1673 Et
607 1635 715 1684 praesidens
728 1635 779 1672 dicet

103 1704 127 1742 Et
134 1716 157 1742 ue
168 1714 209 1742 uos.
222 1703 246 1752 tl.
259 1704 279 1741 A
285 1705 342 1752 porta
353 1704 417 1754 inseri.
430 1705 454 1755 ab.
476 1705 538 1743 Credo
550 1706 613 1742 videre
631 1706 678 1743 borao
690 1705 776 1743 Domini.

104 1774 160 1812 Duas
171 1773 273 1811 aottsczm.
288 1772 374 1812 Oramus.
387 1775 475 1812 Absolve.
494 1774 562 1812 Statim
575 1774 678 1823 incipiatur
690 1776 778 1825 hymnus

105 1843 156 1880 Verri
171 1844 245 1880 creator
258 1843 344 1890 spiritus,
361 1853 420 1891 quem
435 1849 566 1891 prosequatur
577 1848 642 1881 totum
662 1844 776 1892 capitulum.

105 1912 180 1950 Deindo
190 1916 267 1949 cantato
283 1913 358 1961 hymno
370 1912 445 1950 dicatur
454 1913 512 1960 Kame
520 1914 544 1950 el.
559 1913 634 1950 Christo
648 1914 672 1950 el.
680 1914 738 1961 Kyrie
751 1914 775 1950 el.

103 1981 162 2019 Pater
170 1993 201 2019 nr.
209 1980 234 2018 Et
241 1992 264 2018 ne
274 1992 315 2019 nos.
328 1979 352 2028 5).
367 1980 435 2018 Errritfe
449 1981 537 2028 spiritum
554 1983 638 2019 titillaret
655 1983 776 2020 creabantur.

106 2050 192 2089 Oramus.
207 2050 299 2099 Dcrrsqai
308 2050 466 2100 cor'dafidelurm.
477 2051 555 2095 Qubus
567 2051 623 2088 dictis
635 2051 701 2089 statim
714 2052 779 2089 exclu-

104 2120 131 2158 sis
146 2119 240 2158 omnibus
250 2131 290 2158 non
303 2119 376 2158 vocatis
389 2120 453 2169 primo
463 2119 497 2157 fiat
503 2120 620 2158 scrutinium
630 2125 697 2159 utrum
708 2132 778 2159 omnes

105 2190 198 2228 canonice
211 2194 314 2228 venerunt.
328 2189 387 2234 Qrod
399 2190 415 2227 si
435 2188 480 2238 quis
497 2189 551 2227 aliter
563 2190 638 2227 venerit
650 2201 690 2227 non
702 2190 780 2227 intersit

105 2259 191 2308 capitulo
203 2269 238 2297 seu
248 2259 338 2308 agendis.
355 2270 387 2309 23.
401 2259 424 2297 Et
435 2263 482 2297 tunc
499 2260 523 2296 ad
535 2259 652 2297 electionem
667 2259 736 2308 prioris
748 2271 779 2307 ge-

106 2328 183 2373 neralis,
198 2328 214 2365 si
227 2339 266 2372 non
277 2329 366 2373 habetur,
379 2333 424 2366 ante
436 2328 503 2367 omnia
518 2329 554 2366 alia
569 2329 691 2378 procedatur.
702 2328 721 2366 Si
733 2340 779 2366 vcro

106 2397 158 2450 prior
169 2397 266 2452 generalis
276 2408 363 2451 praesens
377 2398 441 2445 fuerit,
452 2397 539 2447 sigillum
552 2397 611 2436 officii
624 2397 653 2437 sui
663 2409 707 2438 cum
722 2397 780 2448 privi-
