1631 2703
295 135 372 163 nuenrca
386 135 442 164 xxxvi
660 139 694 177 103

27 207 126 253 deiecerit,
136 207 166 246 vel
176 208 275 258 recuperet
284 210 356 247 sarnam
368 211 448 248 bonam.
464 223 481 260 5.
494 212 618 262 Ubicumque
629 215 695 251 autem

28 283 101 316 nostrae
114 276 288 327 (Constitutiones)
301 278 403 317 diminutae
414 280 487 319 ruerint
502 282 533 319 vel
548 281 653 325 defectivae,
672 281 696 320 ad

25 347 58 396 jus
70 344 178 384 commune
188 352 303 385 recurratur.

54 413 73 453 6.
87 413 133 452 ltein
146 413 267 463 quicumque
279 416 355 453 tratrem
370 416 463 464 aliquem,
476 418 506 455 vel
518 422 647 461 conventum,
662 423 696 456 aut

27 488 92 522 totum
104 483 194 521 ordinem
207 484 281 521 ratione
291 484 410 522 defensionis
421 486 473 534 apud
484 496 622 534 quoscumque
634 491 696 523 extra-

28 562 76 589 neos
89 551 225 595 diffarnauerit,
239 563 262 588 eo
274 552 317 600 ipso
329 553 373 589 loco
386 556 405 589 et
414 563 462 590 voce
471 553 497 590 sit
507 553 600 601 privatus,
612 564 648 590 nec
659 553 696 592 sibi

27 620 105 669 possint
116 620 191 658 restitui
203 620 239 658 nisi
250 632 283 668 per
293 620 400 669 capitulum
411 622 507 669 generale.

54 699 73 736 7.
91 689 109 726 Si
128 689 173 736 quis
184 688 248 726 autem
267 689 364 737 litigiosus
380 690 411 726 vol
428 689 505 727 rixosus
518 691 581 734 suerit,
599 696 632 728 aut
647 691 697 729 inter

27 758 94 795 fratres
109 755 226 795 discordiam
238 757 370 801 seminaverit,
387 768 467 805 poenam
481 758 575 807 gravioris
587 759 697 808 culpaeper

26 826 60 864 XX
72 825 112 863 dies
121 826 232 863 sustinebit.
246 825 264 863 Si
276 830 341 863 autern
349 837 377 878 ex
389 825 503 874 hujusmodi
515 827 645 864 seminatione
657 827 697 866 dis-

26 894 96 931 cordiae
105 893 213 942 periculum
223 894 302 943 aliquod
312 893 424 943 contigerit,
437 894 545 932 secundum
556 895 669 944 qualitatem
677 901 696 934 et

27 961 156 1010 quantitatem
168 962 254 1000 scandali
265 963 343 1011 gravius
355 956 454 1011 puniatur.

165 1078 225 1116 Rusn.
241 1078 324 1116 XXXVI.
340 1078 367 1115 Da
379 1088 557 1116 cousrrnnronraus.

57 1205 73 1231 1.
86 1193 104 1230 Si
124 1193 169 1241 quis
186 1205 220 1242 per
236 1195 399 1243 conjurationem,
417 1194 448 1231 vel
468 1194 641 1242 conspirationem,
665 1195 696 1231 vel

27 1261 144 1300 malitiosam
158 1262 282 1316 concordiam
295 1258 388 1300 adversus
403 1262 514 1311 superiores
526 1273 573 1300 suos
589 1261 662 1310 aliquid
675 1262 696 1299 il-

26 1330 99 1368 licitum
112 1331 142 1368 vel
153 1330 280 1368 inhonestum
293 1331 415 1369 machinatus
427 1331 490 1376 suerit,
510 1335 543 1368 aut
559 1331 661 1368 manifeste
675 1342 696 1368 se

26 1398 114 1445 erexerit,
125 1398 190 1437 locum
202 1404 222 1436 et
234 1410 303 1436 vocem
316 1399 384 1447 perdat
403 1404 422 1436 et
438 1410 472 1447 per
487 1399 517 1437 XL
532 1399 573 1436 dies
586 1399 610 1436 ad
626 1399 695 1437 'minus

26 1478 106 1516 poenam
121 1467 216 1516 gravioris
225 1468 287 1516 culpae
303 1468 405 1505 sustineat.
422 1480 441 1504 2.
454 1467 472 1504 Si
484 1473 549 1504 autern
562 1468 586 1504 ad
598 1468 656 1504 talem
668 1469 696 1504 es-

26 1536 98 1573 rectum
110 1536 228 1584 conspiratio
240 1537 269 1573 vel
283 1535 390 1585 conjuratio
403 1535 516 1582 hujusmodi
529 1535 628 1573 devenerit
640 1536 694 1583 quod

25 1608 80 1641 totus
89 1604 145 1648 ordo,
163 1604 193 1642 vel
202 1604 265 1651 aliqua
274 1604 380 1652 provincia,
391 1614 425 1640 seu
435 1603 504 1652 aliquis
519 1607 628 1641 conventus
642 1602 692 1652 (Fol.

25 1671 199 1722 34a)malumve1
213 1672 353 1709 detrimentum
366 1673 395 1708 vel
408 1672 520 1709 scandalum
536 1671 620 1709 notabile
635 1672 694 1720 patia-

26 1744 65 1784 tur,
78 1751 112 1788 per
123 1751 197 1778 annum
208 1740 306 1787 integrum
318 1739 387 1776 carceri
396 1739 525 1788 mancipetur.
536 1740 558 1778 Et
567 1740 583 1777 si
592 1750 615 1776 ex
625 1740 662 1777 hoc
674 1739 693 1777 in

26 1808 119 1846 domibus
127 1809 157 1845 vel
167 1808 273 1857 provinciis
284 1808 359 1845 ordinis
371 1808 401 1844 vel
413 1808 471 1845 etiam
481 1808 501 1845 in
513 1814 555 1845 toto
567 1807 635 1845 ordine
646 1808 695 1845 divi·
754 1826 757 1831 ·

26 1877 91 1915 siones
108 1877 139 1914 vel
156 1881 220 1925 partes
236 1877 312 1921 tierent,
329 1877 420 1914 iacientes
432 1876 477 1926 '(et)
496 1876 643 1915 consentientes
662 1889 693 1914 ex-

26 1945 210 1994 communicationis
222 1944 338 1983 sententiam
351 1945 449 1983 incurrant
461 1945 504 1993 ipso
519 1946 576 1989 tacto,
593 1949 613 1982 et
624 1945 694 1983 carceri

26 2018 120 2063 perpetuo
132 2014 275 2062 mancipentur,
291 2013 328 2051 nisi
340 2025 385 2051 curn
398 2014 425 2051 eis
440 2025 473 2061 per
485 2014 574 2061 generale
586 2013 701 2061 capitulum-

26 2092 84 2131 super
97 2082 134 2120 hoc
151 2081 209 2120 fuerit
220 2081 365 2130 dispensatum.
380 2093 400 2131 3.
413 2081 463 2119 Cum
475 2086 540 2119 autem
552 2082 610 2120 frater
623 2071 695 2129 aliquis

26 2150 120 2189 adversus
128 2151 213 2200 priorem
224 2162 282 2188 suum
293 2161 332 2187 non
343 2149 445 2193 malitiose,
456 2150 490 2187 sed
499 2149 611 2192 inveritate,
620 2145 694 2197 aliquid

27 2219 124 2267 habuerit,
137 2219 191 2268 quod
200 2230 240 2257 non
252 2219 322 2256 debeat
332 2218 417 2266 tolerari,
430 2217 494 2267 primo
505 2217 556 2255 inter
565 2229 585 2256 se
597 2222 616 2255 et
626 2218 693 2267 ipsum

26 2298 71 2325 cum
81 2287 190 2341 humilitate
201 2288 225 2325 de
235 2298 269 2325 sua
279 2287 398 2325 correctione
409 2286 525 2334 aliquotiens
535 2290 619 2330 moneat,
633 2297 692 2333 quam

27 2356 181 2394 admonitionem
195 2356 211 2393 si
226 2355 279 2404 prior
291 2355 397 2403 neglexerit
408 2360 441 2393 aut
455 2355 601 2403 contempserit,
617 2354 692 2402 aliquos
