1631 2703
96 155 118 191 14
393 156 466 185 uenum

93 234 138 268 cam
150 231 261 269 secundum
276 231 438 270 constitutionem
451 235 565 270 sanctorum
582 231 660 270 Patrum
673 236 692 269 et
703 232 767 269 Eccle-

93 299 127 337 siae
139 300 267 349 approbatam
275 301 448 339 consuetudinem¹
456 302 495 346 Qui
504 312 536 339 eas
549 312 587 339 non
598 300 690 339 noverint
697 300 766 350 viginti

94 369 182 418 quinque
190 369 265 408 vicibus
277 371 331 408 Pater
343 375 409 408 noster
421 371 486 408 dicant
498 369 517 408 in
527 370 629 408 nocturnis
640 370 719 419 vigiliis,
733 382 766 408 ex-

93 440 155 488 ceptis
168 439 276 478 Dominicis
294 444 312 477 et
325 440 448 478 solemnibus
460 440 537 482 diebus,
556 440 576 477 in
589 451 674 488 quorum
695 439 766 490 vigiliis

94 508 209 557 praedictum
227 521 332 547 numerum
345 511 451 548 statuimus
469 509 570 558 duplicari,
587 514 608 547 ut
620 509 696 547 dicatur
713 510 767 547 Pater

94 583 161 616 noster
178 579 254 617 vicibus
267 579 419 629 quinquaginta.
438 578 513 628 Septies
531 584 596 617 autem
609 579 676 616 eadem
692 579 768 617 dicatur

93 648 156 686 oratio
171 649 190 686 in
202 649 301 688 Laudibus
310 649 419 688 matutinis.
432 650 451 687 ln
469 649 510 687 allis
523 660 604 701 qluoque
623 649 675 687 boris
693 649 766 699 septies

94 718 183 757 similiter
194 719 261 757 eadem
272 719 371 769 sigillatim
387 720 461 757 dicatur
476 718 545 767 oralia,
562 723 632 768 praeter
643 718 706 757 officia
724 731 768 758 ves-

94 789 175 836 pertina,
189 789 208 826 in
221 789 294 838 quibus
307 789 421 838 quindecies
432 789 496 838 ipsam
508 789 571 827 dicere
581 789 674 827 debeatis.

282 906 310 944 DE
322 918 361 945 NON
377 917 466 945 HABENDO
478 918 579 946 moenium.

120 1024 190 1062 Nullus
201 1025 283 1061 fratrum
296 1024 367 1073 aliquid
379 1035 422 1062 esse
434 1024 471 1063 sibi
486 1024 587 1074 proprium
598 1024 661 1062 dicat:
675 1024 710 1062 sed
728 1024 769 1062 sint

94 1093 150 1131 vobis
168 1093 235 1132 omnia
245 1093 367 1138 communia,
380 1098 399 1132 et
415 1094 544 1132 distribuatur
556 1094 662 1143 unicuique
675 1105 709 1142 per
727 1106 769 1131 ma-

95 1174 143 1200 num
156 1163 234 1212 prioris,
245 1163 264 1200 id
273 1169 302 1201 est
314 1174 348 1212 per
361 1163 445 1202 Fratrem
456 1164 480 1202 ab
495 1164 565 1201 eodem
577 1164 602 1201 ad
614 1164 666 1201 idem
679 1162 767 1202 officium

94 1232 218 1281 deputatum,
232 1237 291 1281 prout
299 1232 370 1281 cuique
382 1244 433 1282 opus
445 1232 487 1278 erit,
501 1232 595 1281 inspectis
604 1232 695 1271 aetatibus
704 1237 723 1271 et
735 1244 768 1270 ne-

94 1301 219 1340 cessitatibus
229 1302 363 1352 singulorum.

228 1420 288 1463 Quoo
300 1430 352 1458 ucea
368 1430 405 1458 uos
425 1430 498 1458 albana
510 1431 527 1458 ru
540 1430 632 1458 connum.

121 1537 195 1576 Asinos
207 1537 326 1576 sivemulos
339 1542 398 1587 prout
409 1543 473 1576 vestra
485 1537 638 1587 expostulaverit
653 1536 737 1575 necessit
750 1548 766 1581 s,

94 1607 151 1644 vobis
162 1607 232 1645 babere
241 1607 303 1654 liceat,
314 1611 333 1645 et
345 1607 419 1655 aliquot
428 1607 542 1645 animalium
555 1607 596 1645 sive
606 1606 714 1645 volatilium
726 1604 768 1657 (ad)

95 1676 246 1715 nutrimentum.

264 1795 292 1832 De
301 1795 403 1834 Onaroaro
416 1805 439 1833 aa
450 1805 510 1833 cutm
523 1806 594 1833 orvruo.

121 1912 234 1950 Oratorium
248 1916 307 1960 prout
319 1911 444 1950 commodius
460 1911 500 1950 fieri
516 1911 594 1960 poterit,
610 1917 737 1950 construatur
748 1912 768 1950 in

95 1982 161 2019 medio
172 1982 294 2025 cellularum,
305 1981 339 2018 ubi
351 1992 409 2018 mane
419 1993 455 2030 per
466 1981 556 2030 singulos
574 1981 615 2018 dies
628 1973 656 2019 xad
672 1981 768 2019 audienda

95 2051 199 2089 Missurum
212 2049 308 2088 solemnia
320 2051 426 2088 convenire
443 2050 537 2094 debeatis,
553 2050 587 2088 ubi
607 2050 644 2087 hoc
663 2051 768 2088 commode

94 2120 136 2157 fieri
146 2125 218 2169 potest.

274 2236 301 2274 DE
313 2245 404 2274 CAPlTULO
416 2245 439 2272 ET
450 2244 586 2280 CORRECTlONE.

121 2347 229 2386 Dominicis
241 2358 322 2396 quoque
331 2346 400 2384 diebus
408 2346 438 2383 vel
445 2345 487 2383 aliis
497 2345 530 2383 ubi
540 2357 592 2394 opus
600 2346 664 2394 luerit,
672 2346 696 2384 de
704 2351 769 2385 custo-

94 2417 124 2454 dia
134 2417 214 2455 Ordinis
227 2421 246 2454 et
257 2416 367 2453 animarum
377 2416 439 2452 salute
450 2414 549 2452 tractetis:
563 2415 597 2453 ubi
610 2415 668 2453 etiam
675 2426 768 2454 excessus
